{
  "ticker": "ABL",
  "balanceSheet": {
    "symbol": "ABL",
    "annualReports": [
      {
        "fiscalDateEnding": "2024-12-31",
        "reportedCurrency": "USD",
        "totalAssets": "874164752",
        "totalCurrentAssets": "159564646",
        "cashAndCashEquivalentsAtCarryingValue": "131944282",
        "cashAndShortTermInvestments": "131944282",
        "inventory": "None",
        "currentNetReceivables": "26525635",
        "totalNonCurrentAssets": "714600106",
        "propertyPlantEquipment": "None",
        "accumulatedDepreciationAmortizationPPE": "None",
        "intangibleAssets": "79786793",
        "intangibleAssetsExcludingGoodwill": "79786793",
        "goodwill": "238296200",
        "investments": "None",
        "longTermInvestments": "375538328",
        "shortTermInvestments": "0",
        "otherCurrentAssets": "1094729",
        "otherNonCurrentAssets": "None",
        "totalLiabilities": "450870080",
        "totalCurrentLiabilities": "62466079",
        "currentAccountsPayable": "None",
        "deferredRevenue": "None",
        "currentDebt": "None",
        "shortTermDebt": "38945933",
        "totalNonCurrentLiabilities": "388404001",
        "capitalLeaseObligations": "5095755",
        "longTermDebt": "342387764",
        "currentLongTermDebt": "38430336",
        "longTermDebtNoncurrent": "None",
        "shortLongTermDebtTotal": "385913855",
        "otherCurrentLiabilities": "21046603",
        "otherNonCurrentLiabilities": "None",
        "totalShareholderEquity": "424152503",
        "treasuryStock": "None",
        "retainedEarnings": "-57896606",
        "commonStock": "10133",
        "commonStockSharesOutstanding": "70762000"
      },
      {
        "fiscalDateEnding": "2023-12-31",
        "reportedCurrency": "USD",
        "totalAssets": "331826067",
        "totalCurrentAssets": "31776834",
        "cashAndCashEquivalentsAtCarryingValue": "25588668",
        "cashAndShortTermInvestments": "25588668",
        "inventory": "None",
        "currentNetReceivables": "3236148",
        "totalNonCurrentAssets": "300049233",
        "propertyPlantEquipment": "None",
        "accumulatedDepreciationAmortizationPPE": "None",
        "intangibleAssets": "29623130",
        "intangibleAssetsExcludingGoodwill": "29623130",
        "goodwill": "140287000",
        "investments": "None",
        "longTermInvestments": "126845779",
        "shortTermInvestments": "2252891",
        "otherCurrentAssets": "699127",
        "otherNonCurrentAssets": "None",
        "totalLiabilities": "167755991",
        "totalCurrentLiabilities": "23326331",
        "currentAccountsPayable": "6270907",
        "deferredRevenue": "None",
        "currentDebt": "None",
        "shortTermDebt": "13147690",
        "totalNonCurrentLiabilities": "144429660",
        "capitalLeaseObligations": "1914785",
        "longTermDebt": "126790882",
        "currentLongTermDebt": "13029632",
        "longTermDebtNoncurrent": "None",
        "shortLongTermDebtTotal": "141735299",
        "otherCurrentLiabilities": "8919907",
        "otherNonCurrentLiabilities": "None",
        "totalShareholderEquity": "163931793",
        "treasuryStock": "None",
        "retainedEarnings": "-34726135",
        "commonStock": "6339",
        "commonStockSharesOutstanding": "57767898"
      },
      {
        "fiscalDateEnding": "2022-12-31",
        "reportedCurrency": "USD",
        "totalAssets": "59094847",
        "totalCurrentAssets": "33282927",
        "cashAndCashEquivalentsAtCarryingValue": "30052823",
        "cashAndShortTermInvestments": "30052823",
        "inventory": "None",
        "currentNetReceivables": "208812",
        "totalNonCurrentAssets": "25811920",
        "propertyPlantEquipment": "95628",
        "accumulatedDepreciationAmortizationPPE": "None",
        "intangibleAssets": "148933",
        "intangibleAssetsExcludingGoodwill": "148933",
        "goodwill": "0",
        "investments": "None",
        "longTermInvestments": "262500",
        "shortTermInvestments": "0",
        "otherCurrentAssets": "3021292",
        "otherNonCurrentAssets": "None",
        "totalLiabilities": "30945150",
        "totalCurrentLiabilities": "1302409",
        "currentAccountsPayable": "40014",
        "deferredRevenue": "None",
        "currentDebt": "None",
        "shortTermDebt": "48127",
        "totalNonCurrentLiabilities": "29642741",
        "capitalLeaseObligations": "302497",
        "longTermDebt": "28249653",
        "currentLongTermDebt": "None",
        "longTermDebtNoncurrent": "None",
        "shortLongTermDebtTotal": "28327048",
        "otherCurrentLiabilities": "42227",
        "otherNonCurrentLiabilities": "None",
        "totalShareholderEquity": "27250159",
        "treasuryStock": "None",
        "retainedEarnings": "25487323",
        "commonStock": "5037",
        "commonStockSharesOutstanding": "50369350"
      },
      {
        "fiscalDateEnding": "2021-12-31",
        "reportedCurrency": "USD",
        "totalAssets": "1840218",
        "totalCurrentAssets": "194816",
        "cashAndCashEquivalentsAtCarryingValue": "102420",
        "cashAndShortTermInvestments": "102420",
        "inventory": "213891",
        "currentNetReceivables": "630371",
        "totalNonCurrentAssets": "1645402",
        "propertyPlantEquipment": "145402",
        "accumulatedDepreciationAmortizationPPE": "None",
        "intangibleAssets": "214071",
        "intangibleAssetsExcludingGoodwill": "214071",
        "goodwill": "None",
        "investments": "None",
        "longTermInvestments": "918750",
        "shortTermInvestments": "None",
        "otherCurrentAssets": "92396",
        "otherNonCurrentAssets": "None",
        "totalLiabilities": "1073325",
        "totalCurrentLiabilities": "995929",
        "currentAccountsPayable": "372575",
        "deferredRevenue": "None",
        "currentDebt": "None",
        "shortTermDebt": "975737",
        "totalNonCurrentLiabilities": "77396",
        "capitalLeaseObligations": "367508",
        "longTermDebt": "None",
        "currentLongTermDebt": "None",
        "longTermDebtNoncurrent": "None",
        "shortLongTermDebtTotal": "1053133",
        "otherCurrentLiabilities": "20192",
        "otherNonCurrentLiabilities": "None",
        "totalShareholderEquity": "915048",
        "treasuryStock": "None",
        "retainedEarnings": "205048",
        "commonStock": "50000",
        "commonStockSharesOutstanding": "50369350"
      },
      {
        "fiscalDateEnding": "2020-12-31",
        "reportedCurrency": "USD",
        "totalAssets": "3741073",
        "totalCurrentAssets": "1988447",
        "cashAndCashEquivalentsAtCarryingValue": "1852644",
        "cashAndShortTermInvestments": "1852644",
        "inventory": "-234750",
        "currentNetReceivables": "135803",
        "totalNonCurrentAssets": "117568",
        "propertyPlantEquipment": "None",
        "accumulatedDepreciationAmortizationPPE": "None",
        "intangibleAssets": "None",
        "intangibleAssetsExcludingGoodwill": "None",
        "goodwill": "None",
        "investments": "None",
        "longTermInvestments": "None",
        "shortTermInvestments": "None",
        "otherCurrentAssets": "75926",
        "otherNonCurrentAssets": "None",
        "totalLiabilities": "160696",
        "totalCurrentLiabilities": "160696",
        "currentAccountsPayable": "None",
        "deferredRevenue": "None",
        "currentDebt": "None",
        "shortTermDebt": "148967",
        "totalNonCurrentLiabilities": "44786000",
        "capitalLeaseObligations": "65614",
        "longTermDebt": "None",
        "currentLongTermDebt": "None",
        "longTermDebtNoncurrent": "None",
        "shortLongTermDebtTotal": "148967",
        "otherCurrentLiabilities": "11729",
        "otherNonCurrentLiabilities": "None",
        "totalShareholderEquity": "2083796",
        "treasuryStock": "None",
        "retainedEarnings": "1999796",
        "commonStock": "4000",
        "commonStockSharesOutstanding": "50369350"
      }
    ],
    "quarterlyReports": [
      {
        "fiscalDateEnding": "2025-09-30",
        "reportedCurrency": "USD",
        "totalAssets": "918937530",
        "totalCurrentAssets": "138153124",
        "cashAndCashEquivalentsAtCarryingValue": "86418953",
        "cashAndShortTermInvestments": "86418953",
        "inventory": "None",
        "currentNetReceivables": "30392121",
        "totalNonCurrentAssets": "780784406",
        "propertyPlantEquipment": "None",
        "accumulatedDepreciationAmortizationPPE": "None",
        "intangibleAssets": "70491008",
        "intangibleAssetsExcludingGoodwill": "70491008",
        "goodwill": "248959637",
        "investments": "None",
        "longTermInvestments": "437732289",
        "shortTermInvestments": "None",
        "otherCurrentAssets": "21342050",
        "otherNonCurrentAssets": "None",
        "totalLiabilities": "479343537",
        "totalCurrentLiabilities": "148438496",
        "currentAccountsPayable": "None",
        "deferredRevenue": "None",
        "currentDebt": "None",
        "shortTermDebt": "120170152",
        "totalNonCurrentLiabilities": "330905041",
        "capitalLeaseObligations": "5207182",
        "longTermDebt": "289771784",
        "currentLongTermDebt": "119498871",
        "longTermDebtNoncurrent": "None",
        "shortLongTermDebtTotal": "124706053",
        "otherCurrentLiabilities": "27357799",
        "otherNonCurrentLiabilities": "None",
        "totalShareholderEquity": "439593993",
        "treasuryStock": "None",
        "retainedEarnings": "-28856636",
        "commonStock": "None",
        "commonStockSharesOutstanding": "96651911"
      },
      {
        "fiscalDateEnding": "2025-06-30",
        "reportedCurrency": "USD",
        "totalAssets": "848357920",
        "totalCurrentAssets": "105920010",
        "cashAndCashEquivalentsAtCarryingValue": "74836871",
        "cashAndShortTermInvestments": "74836871",
        "inventory": "None",
        "currentNetReceivables": "25647917",
        "totalNonCurrentAssets": "742437910",
        "propertyPlantEquipment": "None",
        "accumulatedDepreciationAmortizationPPE": "None",
        "intangibleAssets": "71392006",
        "intangibleAssetsExcludingGoodwill": "71392006",
        "goodwill": "238921108",
        "investments": "None",
        "longTermInvestments": "400391969",
        "shortTermInvestments": "None",
        "otherCurrentAssets": "5435222",
        "otherNonCurrentAssets": "None",
        "totalLiabilities": "426824728",
        "totalCurrentLiabilities": "140178035",
        "currentAccountsPayable": "None",
        "deferredRevenue": "None",
        "currentDebt": "None",
        "shortTermDebt": "119516355",
        "totalNonCurrentLiabilities": "286646693",
        "capitalLeaseObligations": "5360179",
        "longTermDebt": "238191775",
        "currentLongTermDebt": "118869504",
        "longTermDebtNoncurrent": "None",
        "shortLongTermDebtTotal": "362421458",
        "otherCurrentLiabilities": "18339085",
        "otherNonCurrentLiabilities": "None",
        "totalShareholderEquity": "421604340",
        "treasuryStock": "None",
        "retainedEarnings": "-35767080",
        "commonStock": "9795",
        "commonStockSharesOutstanding": "97372470"
      },
      {
        "fiscalDateEnding": "2025-03-31",
        "reportedCurrency": "USD",
        "totalAssets": "856509285",
        "totalCurrentAssets": "61461299",
        "cashAndCashEquivalentsAtCarryingValue": "43761731",
        "cashAndShortTermInvestments": "43761731",
        "inventory": "None",
        "currentNetReceivables": "16060311",
        "totalNonCurrentAssets": "795047986",
        "propertyPlantEquipment": "None",
        "accumulatedDepreciationAmortizationPPE": "None",
        "intangibleAssets": "75110105",
        "intangibleAssetsExcludingGoodwill": "75110105",
        "goodwill": "238296200",
        "investments": "None",
        "longTermInvestments": "459898167",
        "shortTermInvestments": "None",
        "otherCurrentAssets": "1639257",
        "otherNonCurrentAssets": "None",
        "totalLiabilities": "420930259",
        "totalCurrentLiabilities": "130800422",
        "currentAccountsPayable": "None",
        "deferredRevenue": "None",
        "currentDebt": "None",
        "shortTermDebt": "118608747",
        "totalNonCurrentLiabilities": "290129837",
        "capitalLeaseObligations": "4975061",
        "longTermDebt": "237970286",
        "currentLongTermDebt": "118094610",
        "longTermDebtNoncurrent": "None",
        "shortLongTermDebtTotal": "361039957",
        "otherCurrentLiabilities": "11591380",
        "otherNonCurrentLiabilities": "None",
        "totalShareholderEquity": "435677414",
        "treasuryStock": "None",
        "retainedEarnings": "-53257026",
        "commonStock": "9790",
        "commonStockSharesOutstanding": "97498923"
      },
      {
        "fiscalDateEnding": "2024-12-31",
        "reportedCurrency": "USD",
        "totalAssets": "874164752",
        "totalCurrentAssets": "159564646",
        "cashAndCashEquivalentsAtCarryingValue": "131944282",
        "cashAndShortTermInvestments": "131944282",
        "inventory": "None",
        "currentNetReceivables": "26525635",
        "totalNonCurrentAssets": "714600106",
        "propertyPlantEquipment": "None",
        "accumulatedDepreciationAmortizationPPE": "None",
        "intangibleAssets": "79786793",
        "intangibleAssetsExcludingGoodwill": "79786793",
        "goodwill": "238296200",
        "investments": "None",
        "longTermInvestments": "375538328",
        "shortTermInvestments": "0",
        "otherCurrentAssets": "1094729",
        "otherNonCurrentAssets": "None",
        "totalLiabilities": "450870080",
        "totalCurrentLiabilities": "62466079",
        "currentAccountsPayable": "None",
        "deferredRevenue": "None",
        "currentDebt": "None",
        "shortTermDebt": "38945933",
        "totalNonCurrentLiabilities": "388404001",
        "capitalLeaseObligations": "5095755",
        "longTermDebt": "342387764",
        "currentLongTermDebt": "38430336",
        "longTermDebtNoncurrent": "None",
        "shortLongTermDebtTotal": "385913855",
        "otherCurrentLiabilities": "21046603",
        "otherNonCurrentLiabilities": "None",
        "totalShareholderEquity": "424152503",
        "treasuryStock": "None",
        "retainedEarnings": "-57896606",
        "commonStock": "10133",
        "commonStockSharesOutstanding": "81784013"
      },
      {
        "fiscalDateEnding": "2024-09-30",
        "reportedCurrency": "USD",
        "totalAssets": "477309168",
        "totalCurrentAssets": "30796677",
        "cashAndCashEquivalentsAtCarryingValue": "19409615",
        "cashAndShortTermInvestments": "19409615",
        "inventory": "None",
        "currentNetReceivables": "6297132",
        "totalNonCurrentAssets": "446512491",
        "propertyPlantEquipment": "None",
        "accumulatedDepreciationAmortizationPPE": "None",
        "intangibleAssets": "24653141",
        "intangibleAssetsExcludingGoodwill": "24653141",
        "goodwill": "139930190",
        "investments": "None",
        "longTermInvestments": "277356405",
        "shortTermInvestments": "3019055",
        "otherCurrentAssets": "2070875",
        "otherNonCurrentAssets": "None",
        "totalLiabilities": "219369540",
        "totalCurrentLiabilities": "23862348",
        "currentAccountsPayable": "None",
        "deferredRevenue": "None",
        "currentDebt": "None",
        "shortTermDebt": "14143097",
        "totalNonCurrentLiabilities": "195507192",
        "capitalLeaseObligations": "2273807",
        "longTermDebt": "166512995",
        "currentLongTermDebt": "13730026",
        "longTermDebtNoncurrent": "None",
        "shortLongTermDebtTotal": "182516828",
        "otherCurrentLiabilities": "8795168",
        "otherNonCurrentLiabilities": "None",
        "totalShareholderEquity": "258031165",
        "treasuryStock": "None",
        "retainedEarnings": "-39639373",
        "commonStock": "7576",
        "commonStockSharesOutstanding": "74694319"
      },
      {
        "fiscalDateEnding": "2024-06-30",
        "reportedCurrency": "USD",
        "totalAssets": "483854905",
        "totalCurrentAssets": "101637369",
        "cashAndCashEquivalentsAtCarryingValue": "91323829",
        "cashAndShortTermInvestments": "91323829",
        "inventory": "None",
        "currentNetReceivables": "5372717",
        "totalNonCurrentAssets": "382217536",
        "propertyPlantEquipment": "None",
        "accumulatedDepreciationAmortizationPPE": "None",
        "intangibleAssets": "26352123",
        "intangibleAssetsExcludingGoodwill": "26352123",
        "goodwill": "139930190",
        "investments": "None",
        "longTermInvestments": "211627485",
        "shortTermInvestments": "4008225",
        "otherCurrentAssets": "932598",
        "otherNonCurrentAssets": "None",
        "totalLiabilities": "227005417",
        "totalCurrentLiabilities": "55383057",
        "currentAccountsPayable": "4715378",
        "deferredRevenue": "None",
        "currentDebt": "None",
        "shortTermDebt": "46057237",
        "totalNonCurrentLiabilities": "171622360",
        "capitalLeaseObligations": "2243537",
        "longTermDebt": "151311297",
        "currentLongTermDebt": "45759840",
        "longTermDebtNoncurrent": "None",
        "shortLongTermDebtTotal": "199314674",
        "otherCurrentLiabilities": "7882337",
        "otherNonCurrentLiabilities": "None",
        "totalShareholderEquity": "256770295",
        "treasuryStock": "None",
        "retainedEarnings": "-34514318",
        "commonStock": "7548",
        "commonStockSharesOutstanding": "67162820"
      },
      {
        "fiscalDateEnding": "2024-03-31",
        "reportedCurrency": "USD",
        "totalAssets": "376719400",
        "totalCurrentAssets": "74324428",
        "cashAndCashEquivalentsAtCarryingValue": "65386512",
        "cashAndShortTermInvestments": "65386512",
        "inventory": "None",
        "currentNetReceivables": "3496266",
        "totalNonCurrentAssets": "302394972",
        "propertyPlantEquipment": "None",
        "accumulatedDepreciationAmortizationPPE": "None",
        "intangibleAssets": "28048028",
        "intangibleAssetsExcludingGoodwill": "28048028",
        "goodwill": "140287000",
        "investments": "None",
        "longTermInvestments": "129828666",
        "shortTermInvestments": "3403897",
        "otherCurrentAssets": "2037753",
        "otherNonCurrentAssets": "None",
        "totalLiabilities": "211378628",
        "totalCurrentLiabilities": "23835352",
        "currentAccountsPayable": "3489278",
        "deferredRevenue": "None",
        "currentDebt": "None",
        "shortTermDebt": "15880766",
        "totalNonCurrentLiabilities": "187543276",
        "capitalLeaseObligations": "2261097",
        "longTermDebt": "170160507",
        "currentLongTermDebt": "15648628",
        "longTermDebtNoncurrent": "None",
        "shortLongTermDebtTotal": "188070232",
        "otherCurrentLiabilities": "5669915",
        "otherNonCurrentLiabilities": "None",
        "totalShareholderEquity": "165133729",
        "treasuryStock": "None",
        "retainedEarnings": "-36074880",
        "commonStock": "6378",
        "commonStockSharesOutstanding": "63027246"
      },
      {
        "fiscalDateEnding": "2023-12-31",
        "reportedCurrency": "USD",
        "totalAssets": "331826067",
        "totalCurrentAssets": "31776834",
        "cashAndCashEquivalentsAtCarryingValue": "25588668",
        "cashAndShortTermInvestments": "25588668",
        "inventory": "None",
        "currentNetReceivables": "3236148",
        "totalNonCurrentAssets": "300049233",
        "propertyPlantEquipment": "None",
        "accumulatedDepreciationAmortizationPPE": "None",
        "intangibleAssets": "29623130",
        "intangibleAssetsExcludingGoodwill": "29623130",
        "goodwill": "140287000",
        "investments": "None",
        "longTermInvestments": "126845779",
        "shortTermInvestments": "2252891",
        "otherCurrentAssets": "699127",
        "otherNonCurrentAssets": "None",
        "totalLiabilities": "167755991",
        "totalCurrentLiabilities": "23326331",
        "currentAccountsPayable": "6270907",
        "deferredRevenue": "None",
        "currentDebt": "None",
        "shortTermDebt": "13147690",
        "totalNonCurrentLiabilities": "144429660",
        "capitalLeaseObligations": "1914785",
        "longTermDebt": "126790882",
        "currentLongTermDebt": "13029632",
        "longTermDebtNoncurrent": "None",
        "shortLongTermDebtTotal": "141735299",
        "otherCurrentLiabilities": "8919907",
        "otherNonCurrentLiabilities": "None",
        "totalShareholderEquity": "163931793",
        "treasuryStock": "None",
        "retainedEarnings": "-34726135",
        "commonStock": "6339",
        "commonStockSharesOutstanding": "60397572"
      },
      {
        "fiscalDateEnding": "2023-09-30",
        "reportedCurrency": "USD",
        "totalAssets": "304301937",
        "totalCurrentAssets": "39518757",
        "cashAndCashEquivalentsAtCarryingValue": "36649190",
        "cashAndShortTermInvestments": "36649190",
        "inventory": "None",
        "currentNetReceivables": "1908140",
        "totalNonCurrentAssets": "264783179",
        "propertyPlantEquipment": "None",
        "accumulatedDepreciationAmortizationPPE": "None",
        "intangibleAssets": "31217917",
        "intangibleAssetsExcludingGoodwill": "31217917",
        "goodwill": "140287000",
        "investments": "None",
        "longTermInvestments": "91846617",
        "shortTermInvestments": "None",
        "otherCurrentAssets": "961427",
        "otherNonCurrentAssets": "None",
        "totalLiabilities": "138212190",
        "totalCurrentLiabilities": "5457675",
        "currentAccountsPayable": "2000",
        "deferredRevenue": "None",
        "currentDebt": "None",
        "shortTermDebt": "347598",
        "totalNonCurrentLiabilities": "132754515",
        "capitalLeaseObligations": "173799",
        "longTermDebt": "118813827",
        "currentLongTermDebt": "None",
        "longTermDebtNoncurrent": "None",
        "shortLongTermDebtTotal": "118987626",
        "otherCurrentLiabilities": "4678668",
        "otherNonCurrentLiabilities": "1",
        "totalShareholderEquity": "165800499",
        "treasuryStock": "None",
        "retainedEarnings": "-28503752",
        "commonStock": "6335",
        "commonStockSharesOutstanding": "63349823"
      },
      {
        "fiscalDateEnding": "2023-06-30",
        "reportedCurrency": "USD",
        "totalAssets": "277334437",
        "totalCurrentAssets": "32206622",
        "cashAndCashEquivalentsAtCarryingValue": "20611122",
        "cashAndShortTermInvestments": "20611122",
        "inventory": "None",
        "currentNetReceivables": "192595",
        "totalNonCurrentAssets": "245127815",
        "propertyPlantEquipment": "418747",
        "accumulatedDepreciationAmortizationPPE": "None",
        "intangibleAssets": "32900000",
        "intangibleAssetsExcludingGoodwill": "32900000",
        "goodwill": "140287000",
        "investments": "None",
        "longTermInvestments": "None",
        "shortTermInvestments": "None",
        "otherCurrentAssets": "11402905",
        "otherNonCurrentAssets": "None",
        "totalLiabilities": "116835522",
        "totalCurrentLiabilities": "13894422",
        "currentAccountsPayable": "401500",
        "deferredRevenue": "None",
        "currentDebt": "None",
        "shortTermDebt": "10642715",
        "totalNonCurrentLiabilities": "102941100",
        "capitalLeaseObligations": "None",
        "longTermDebt": "None",
        "currentLongTermDebt": "None",
        "longTermDebtNoncurrent": "None",
        "shortLongTermDebtTotal": "76824975",
        "otherCurrentLiabilities": "2850207",
        "otherNonCurrentLiabilities": "None",
        "totalShareholderEquity": "160143126",
        "treasuryStock": "None",
        "retainedEarnings": "-29382362",
        "commonStock": "6296",
        "commonStockSharesOutstanding": "63349823"
      },
      {
        "fiscalDateEnding": "2023-03-31",
        "reportedCurrency": "USD",
        "totalAssets": "90449415",
        "totalCurrentAssets": "23873785",
        "cashAndCashEquivalentsAtCarryingValue": "19722152",
        "cashAndShortTermInvestments": "19722152",
        "inventory": "56933",
        "currentNetReceivables": "208812",
        "totalNonCurrentAssets": "66575630",
        "propertyPlantEquipment": "82696",
        "accumulatedDepreciationAmortizationPPE": "None",
        "intangibleAssets": "148933",
        "intangibleAssetsExcludingGoodwill": "148933",
        "goodwill": "None",
        "investments": "None",
        "longTermInvestments": "None",
        "shortTermInvestments": "None",
        "otherCurrentAssets": "4151633",
        "otherNonCurrentAssets": "None",
        "totalLiabilities": "54787235",
        "totalCurrentLiabilities": "16699531",
        "currentAccountsPayable": "15029474",
        "deferredRevenue": "None",
        "currentDebt": "None",
        "shortTermDebt": "313011",
        "totalNonCurrentLiabilities": "38087704",
        "capitalLeaseObligations": "246995",
        "longTermDebt": "None",
        "currentLongTermDebt": "None",
        "longTermDebtNoncurrent": "None",
        "shortLongTermDebtTotal": "37731493",
        "otherCurrentLiabilities": "1357046",
        "otherNonCurrentLiabilities": "None",
        "totalShareholderEquity": "35250280",
        "treasuryStock": "None",
        "retainedEarnings": "33572826",
        "commonStock": "50000",
        "commonStockSharesOutstanding": "63349823"
      },
      {
        "fiscalDateEnding": "2022-12-31",
        "reportedCurrency": "USD",
        "totalAssets": "59094847",
        "totalCurrentAssets": "33282927",
        "cashAndCashEquivalentsAtCarryingValue": "30052823",
        "cashAndShortTermInvestments": "30052823",
        "inventory": "None",
        "currentNetReceivables": "208812",
        "totalNonCurrentAssets": "25811920",
        "propertyPlantEquipment": "95628",
        "accumulatedDepreciationAmortizationPPE": "None",
        "intangibleAssets": "148933",
        "intangibleAssetsExcludingGoodwill": "148933",
        "goodwill": "0",
        "investments": "None",
        "longTermInvestments": "262500",
        "shortTermInvestments": "0",
        "otherCurrentAssets": "3021292",
        "otherNonCurrentAssets": "None",
        "totalLiabilities": "30945150",
        "totalCurrentLiabilities": "1302409",
        "currentAccountsPayable": "40014",
        "deferredRevenue": "None",
        "currentDebt": "None",
        "shortTermDebt": "48127",
        "totalNonCurrentLiabilities": "29642741",
        "capitalLeaseObligations": "302497",
        "longTermDebt": "28249653",
        "currentLongTermDebt": "None",
        "longTermDebtNoncurrent": "None",
        "shortLongTermDebtTotal": "28327048",
        "otherCurrentLiabilities": "42227",
        "otherNonCurrentLiabilities": "None",
        "totalShareholderEquity": "27250159",
        "treasuryStock": "None",
        "retainedEarnings": "25487323",
        "commonStock": "5037",
        "commonStockSharesOutstanding": "50369350"
      },
      {
        "fiscalDateEnding": "2022-09-30",
        "reportedCurrency": "USD",
        "totalAssets": "81400312",
        "totalCurrentAssets": "5967695",
        "cashAndCashEquivalentsAtCarryingValue": "3844087",
        "cashAndShortTermInvestments": "3844087",
        "inventory": "None",
        "currentNetReceivables": "None",
        "totalNonCurrentAssets": "75432617",
        "propertyPlantEquipment": "None",
        "accumulatedDepreciationAmortizationPPE": "None",
        "intangibleAssets": "None",
        "intangibleAssetsExcludingGoodwill": "None",
        "goodwill": "None",
        "investments": "None",
        "longTermInvestments": "None",
        "shortTermInvestments": "None",
        "otherCurrentAssets": "2123608",
        "otherNonCurrentAssets": "None",
        "totalLiabilities": "59261148",
        "totalCurrentLiabilities": "48024327",
        "currentAccountsPayable": "44103901",
        "deferredRevenue": "None",
        "currentDebt": "None",
        "shortTermDebt": "2547356",
        "totalNonCurrentLiabilities": "11236821",
        "capitalLeaseObligations": "None",
        "longTermDebt": "None",
        "currentLongTermDebt": "None",
        "longTermDebtNoncurrent": "None",
        "shortLongTermDebtTotal": "12616921",
        "otherCurrentLiabilities": "1373070",
        "otherNonCurrentLiabilities": "None",
        "totalShareholderEquity": "21150733",
        "treasuryStock": "None",
        "retainedEarnings": "19312750",
        "commonStock": "50000",
        "commonStockSharesOutstanding": "50369350"
      },
      {
        "fiscalDateEnding": "2022-06-30",
        "reportedCurrency": "USD",
        "totalAssets": "22933083",
        "totalCurrentAssets": "3012916",
        "cashAndCashEquivalentsAtCarryingValue": "2845405",
        "cashAndShortTermInvestments": "2845405",
        "inventory": "None",
        "currentNetReceivables": "4513",
        "totalNonCurrentAssets": "19920167",
        "propertyPlantEquipment": "None",
        "accumulatedDepreciationAmortizationPPE": "None",
        "intangibleAssets": "191119",
        "intangibleAssetsExcludingGoodwill": "191119",
        "goodwill": "None",
        "investments": "None",
        "longTermInvestments": "None",
        "shortTermInvestments": "None",
        "otherCurrentAssets": "167511",
        "otherNonCurrentAssets": "None",
        "totalLiabilities": "10626292",
        "totalCurrentLiabilities": "1750727",
        "currentAccountsPayable": "None",
        "deferredRevenue": "None",
        "currentDebt": "None",
        "shortTermDebt": "1657597",
        "totalNonCurrentLiabilities": "8875565",
        "capitalLeaseObligations": "411884",
        "longTermDebt": "None",
        "currentLongTermDebt": "None",
        "longTermDebtNoncurrent": "None",
        "shortLongTermDebtTotal": "9533235",
        "otherCurrentLiabilities": "93130",
        "otherNonCurrentLiabilities": "None",
        "totalShareholderEquity": "11443037",
        "treasuryStock": "None",
        "retainedEarnings": "9320746",
        "commonStock": "50000",
        "commonStockSharesOutstanding": "43125000"
      },
      {
        "fiscalDateEnding": "2022-03-31",
        "reportedCurrency": "None",
        "totalAssets": "1840218",
        "totalCurrentAssets": "194816",
        "cashAndCashEquivalentsAtCarryingValue": "102420",
        "cashAndShortTermInvestments": "102420",
        "inventory": "None",
        "currentNetReceivables": "630371",
        "totalNonCurrentAssets": "1645402",
        "propertyPlantEquipment": "None",
        "accumulatedDepreciationAmortizationPPE": "None",
        "intangibleAssets": "214071",
        "intangibleAssetsExcludingGoodwill": "214071",
        "goodwill": "None",
        "investments": "None",
        "longTermInvestments": "None",
        "shortTermInvestments": "None",
        "otherCurrentAssets": "92396",
        "otherNonCurrentAssets": "None",
        "totalLiabilities": "1073325",
        "totalCurrentLiabilities": "995929",
        "currentAccountsPayable": "None",
        "deferredRevenue": "None",
        "currentDebt": "None",
        "shortTermDebt": "975737",
        "totalNonCurrentLiabilities": "77396",
        "capitalLeaseObligations": "None",
        "longTermDebt": "None",
        "currentLongTermDebt": "None",
        "longTermDebtNoncurrent": "None",
        "shortLongTermDebtTotal": "1053133",
        "otherCurrentLiabilities": "20192",
        "otherNonCurrentLiabilities": "None",
        "totalShareholderEquity": "915048",
        "treasuryStock": "None",
        "retainedEarnings": "205048",
        "commonStock": "50000",
        "commonStockSharesOutstanding": "43125000"
      },
      {
        "fiscalDateEnding": "2021-12-31",
        "reportedCurrency": "None",
        "totalAssets": "346375083",
        "totalCurrentAssets": "None",
        "cashAndCashEquivalentsAtCarryingValue": "1193711",
        "cashAndShortTermInvestments": "1193711",
        "inventory": "None",
        "currentNetReceivables": "630371",
        "totalNonCurrentAssets": "None",
        "propertyPlantEquipment": "None",
        "accumulatedDepreciationAmortizationPPE": "None",
        "intangibleAssets": "214071",
        "intangibleAssetsExcludingGoodwill": "214071",
        "goodwill": "None",
        "investments": "None",
        "longTermInvestments": "None",
        "shortTermInvestments": "None",
        "otherCurrentAssets": "-1193711",
        "otherNonCurrentAssets": "None",
        "totalLiabilities": "31074472",
        "totalCurrentLiabilities": "1666087",
        "currentAccountsPayable": "None",
        "deferredRevenue": "None",
        "currentDebt": "None",
        "shortTermDebt": "1500000",
        "totalNonCurrentLiabilities": "29574472",
        "capitalLeaseObligations": "None",
        "longTermDebt": "None",
        "currentLongTermDebt": "None",
        "longTermDebtNoncurrent": "None",
        "shortLongTermDebtTotal": "1500000",
        "otherCurrentLiabilities": "166087",
        "otherNonCurrentLiabilities": "None",
        "totalShareholderEquity": "315300611",
        "treasuryStock": "None",
        "retainedEarnings": "-29724389",
        "commonStock": "345000863",
        "commonStockSharesOutstanding": "43125000"
      },
      {
        "fiscalDateEnding": "2021-09-30",
        "reportedCurrency": "None",
        "totalAssets": "346375083",
        "totalCurrentAssets": "None",
        "cashAndCashEquivalentsAtCarryingValue": "1193711",
        "cashAndShortTermInvestments": "1193711",
        "inventory": "None",
        "currentNetReceivables": "None",
        "totalNonCurrentAssets": "None",
        "propertyPlantEquipment": "None",
        "accumulatedDepreciationAmortizationPPE": "None",
        "intangibleAssets": "None",
        "intangibleAssetsExcludingGoodwill": "None",
        "goodwill": "None",
        "investments": "None",
        "longTermInvestments": "None",
        "shortTermInvestments": "None",
        "otherCurrentAssets": "-1193711",
        "otherNonCurrentAssets": "None",
        "totalLiabilities": "31074472",
        "totalCurrentLiabilities": "1666087",
        "currentAccountsPayable": "None",
        "deferredRevenue": "None",
        "currentDebt": "None",
        "shortTermDebt": "1500000",
        "totalNonCurrentLiabilities": "29574472",
        "capitalLeaseObligations": "None",
        "longTermDebt": "None",
        "currentLongTermDebt": "None",
        "longTermDebtNoncurrent": "None",
        "shortLongTermDebtTotal": "1500000",
        "otherCurrentLiabilities": "166087",
        "otherNonCurrentLiabilities": "None",
        "totalShareholderEquity": "315300611",
        "treasuryStock": "None",
        "retainedEarnings": "-29724389",
        "commonStock": "345000863",
        "commonStockSharesOutstanding": "43125000"
      },
      {
        "fiscalDateEnding": "2021-06-30",
        "reportedCurrency": "None",
        "totalAssets": "345324422",
        "totalCurrentAssets": "None",
        "cashAndCashEquivalentsAtCarryingValue": "101969",
        "cashAndShortTermInvestments": "101969",
        "inventory": "None",
        "currentNetReceivables": "None",
        "totalNonCurrentAssets": "None",
        "propertyPlantEquipment": "None",
        "accumulatedDepreciationAmortizationPPE": "None",
        "intangibleAssets": "None",
        "intangibleAssetsExcludingGoodwill": "None",
        "goodwill": "None",
        "investments": "None",
        "longTermInvestments": "None",
        "shortTermInvestments": "None",
        "otherCurrentAssets": "-101969",
        "otherNonCurrentAssets": "None",
        "totalLiabilities": "40787586",
        "totalCurrentLiabilities": "55086",
        "currentAccountsPayable": "None",
        "deferredRevenue": "None",
        "currentDebt": "None",
        "shortTermDebt": "None",
        "totalNonCurrentLiabilities": "40787586",
        "capitalLeaseObligations": "None",
        "longTermDebt": "None",
        "currentLongTermDebt": "None",
        "longTermDebtNoncurrent": "None",
        "shortLongTermDebtTotal": "None",
        "otherCurrentLiabilities": "55086",
        "otherNonCurrentLiabilities": "None",
        "totalShareholderEquity": "304536836",
        "treasuryStock": "None",
        "retainedEarnings": "-40488164",
        "commonStock": "345000863",
        "commonStockSharesOutstanding": "43125000"
      },
      {
        "fiscalDateEnding": "2021-03-31",
        "reportedCurrency": "None",
        "totalAssets": "345596517",
        "totalCurrentAssets": "None",
        "cashAndCashEquivalentsAtCarryingValue": "317400",
        "cashAndShortTermInvestments": "317400",
        "inventory": "None",
        "currentNetReceivables": "None",
        "totalNonCurrentAssets": "None",
        "propertyPlantEquipment": "None",
        "accumulatedDepreciationAmortizationPPE": "None",
        "intangibleAssets": "None",
        "intangibleAssetsExcludingGoodwill": "None",
        "goodwill": "None",
        "investments": "None",
        "longTermInvestments": "None",
        "shortTermInvestments": "None",
        "otherCurrentAssets": "-317400",
        "otherNonCurrentAssets": "None",
        "totalLiabilities": "33884347",
        "totalCurrentLiabilities": "127346",
        "currentAccountsPayable": "None",
        "deferredRevenue": "None",
        "currentDebt": "None",
        "shortTermDebt": "None",
        "totalNonCurrentLiabilities": "33884347",
        "capitalLeaseObligations": "None",
        "longTermDebt": "None",
        "currentLongTermDebt": "None",
        "longTermDebtNoncurrent": "None",
        "shortLongTermDebtTotal": "None",
        "otherCurrentLiabilities": "None",
        "otherNonCurrentLiabilities": "None",
        "totalShareholderEquity": "311712170",
        "treasuryStock": "None",
        "retainedEarnings": "-33312830",
        "commonStock": "345000863",
        "commonStockSharesOutstanding": "43125000"
      }
    ]
  },
  "cashFlow": {
    "symbol": "ABL",
    "annualReports": [
      {
        "fiscalDateEnding": "2024-12-31",
        "reportedCurrency": "USD",
        "operatingCashflow": "-208810000",
        "paymentsForOperatingActivities": "None",
        "proceedsFromOperatingActivities": "None",
        "changeInOperatingLiabilities": "None",
        "changeInOperatingAssets": "None",
        "depreciationDepletionAndAmortization": "7910000",
        "capitalExpenditures": "805136",
        "changeInReceivables": "None",
        "changeInInventory": "None",
        "profitLoss": "None",
        "cashflowFromInvestment": "-4955000",
        "cashflowFromFinancing": "320121000",
        "proceedsFromRepaymentsOfShortTermDebt": "None",
        "paymentsForRepurchaseOfCommonStock": "None",
        "paymentsForRepurchaseOfEquity": "None",
        "paymentsForRepurchaseOfPreferredStock": "None",
        "dividendPayout": "None",
        "dividendPayoutCommonStock": "None",
        "dividendPayoutPreferredStock": "None",
        "proceedsFromIssuanceOfCommonStock": "None",
        "proceedsFromIssuanceOfLongTermDebtAndCapitalSecuritiesNet": "None",
        "proceedsFromIssuanceOfPreferredStock": "None",
        "proceedsFromRepurchaseOfEquity": "-10742000",
        "proceedsFromSaleOfTreasuryStock": "None",
        "changeInCashAndCashEquivalents": "None",
        "changeInExchangeRate": "None",
        "netIncome": "-24918037"
      },
      {
        "fiscalDateEnding": "2023-12-31",
        "reportedCurrency": "USD",
        "operatingCashflow": "-64523149",
        "paymentsForOperatingActivities": "None",
        "proceedsFromOperatingActivities": "None",
        "changeInOperatingLiabilities": "None",
        "changeInOperatingAssets": "None",
        "depreciationDepletionAndAmortization": "3409928",
        "capitalExpenditures": "189674",
        "changeInReceivables": "None",
        "changeInInventory": "None",
        "profitLoss": "None",
        "cashflowFromInvestment": "2241502",
        "cashflowFromFinancing": "57817492",
        "proceedsFromRepaymentsOfShortTermDebt": "None",
        "paymentsForRepurchaseOfCommonStock": "None",
        "paymentsForRepurchaseOfEquity": "None",
        "paymentsForRepurchaseOfPreferredStock": "None",
        "dividendPayout": "21792436",
        "dividendPayoutCommonStock": "21792436",
        "dividendPayoutPreferredStock": "None",
        "proceedsFromIssuanceOfCommonStock": "None",
        "proceedsFromIssuanceOfLongTermDebtAndCapitalSecuritiesNet": "None",
        "proceedsFromIssuanceOfPreferredStock": "None",
        "proceedsFromRepurchaseOfEquity": "-24816135",
        "proceedsFromSaleOfTreasuryStock": "None",
        "changeInCashAndCashEquivalents": "None",
        "changeInExchangeRate": "None",
        "netIncome": "9516626"
      },
      {
        "fiscalDateEnding": "2022-12-31",
        "reportedCurrency": "USD",
        "operatingCashflow": "10693254",
        "paymentsForOperatingActivities": "None",
        "proceedsFromOperatingActivities": "None",
        "changeInOperatingLiabilities": "None",
        "changeInOperatingAssets": "None",
        "depreciationDepletionAndAmortization": "4282",
        "capitalExpenditures": "79099",
        "changeInReceivables": "None",
        "changeInInventory": "None",
        "profitLoss": "None",
        "cashflowFromInvestment": "-3704646",
        "cashflowFromFinancing": "22961795",
        "proceedsFromRepaymentsOfShortTermDebt": "None",
        "paymentsForRepurchaseOfCommonStock": "None",
        "paymentsForRepurchaseOfEquity": "None",
        "paymentsForRepurchaseOfPreferredStock": "None",
        "dividendPayout": "659363",
        "dividendPayoutCommonStock": "659363",
        "dividendPayoutPreferredStock": "None",
        "proceedsFromIssuanceOfCommonStock": "None",
        "proceedsFromIssuanceOfLongTermDebtAndCapitalSecuritiesNet": "None",
        "proceedsFromIssuanceOfPreferredStock": "None",
        "proceedsFromRepurchaseOfEquity": "-6400000",
        "proceedsFromSaleOfTreasuryStock": "None",
        "changeInCashAndCashEquivalents": "None",
        "changeInExchangeRate": "None",
        "netIncome": "-643564"
      },
      {
        "fiscalDateEnding": "2021-12-31",
        "reportedCurrency": "USD",
        "operatingCashflow": "1342763",
        "paymentsForOperatingActivities": "None",
        "proceedsFromOperatingActivities": "None",
        "changeInOperatingLiabilities": "None",
        "changeInOperatingAssets": "None",
        "depreciationDepletionAndAmortization": "31244",
        "capitalExpenditures": "226664",
        "changeInReceivables": "None",
        "changeInInventory": "None",
        "profitLoss": "None",
        "cashflowFromInvestment": "-241528",
        "cashflowFromFinancing": "-354577",
        "proceedsFromRepaymentsOfShortTermDebt": "None",
        "paymentsForRepurchaseOfCommonStock": "None",
        "paymentsForRepurchaseOfEquity": "None",
        "paymentsForRepurchaseOfPreferredStock": "None",
        "dividendPayout": "358216",
        "dividendPayoutCommonStock": "358216",
        "dividendPayoutPreferredStock": "None",
        "proceedsFromIssuanceOfCommonStock": "None",
        "proceedsFromIssuanceOfLongTermDebtAndCapitalSecuritiesNet": "None",
        "proceedsFromIssuanceOfPreferredStock": "None",
        "proceedsFromRepurchaseOfEquity": "-400000",
        "proceedsFromSaleOfTreasuryStock": "None",
        "changeInCashAndCashEquivalents": "None",
        "changeInExchangeRate": "None",
        "netIncome": "997415"
      },
      {
        "fiscalDateEnding": "2020-12-31",
        "reportedCurrency": "USD",
        "operatingCashflow": "650135",
        "paymentsForOperatingActivities": "None",
        "proceedsFromOperatingActivities": "None",
        "changeInOperatingLiabilities": "None",
        "changeInOperatingAssets": "None",
        "depreciationDepletionAndAmortization": "19454",
        "capitalExpenditures": "4",
        "changeInReceivables": "None",
        "changeInInventory": "None",
        "profitLoss": "None",
        "cashflowFromInvestment": "-1250000",
        "cashflowFromFinancing": "697812",
        "proceedsFromRepaymentsOfShortTermDebt": "None",
        "paymentsForRepurchaseOfCommonStock": "None",
        "paymentsForRepurchaseOfEquity": "None",
        "paymentsForRepurchaseOfPreferredStock": "None",
        "dividendPayout": "327798",
        "dividendPayoutCommonStock": "327798",
        "dividendPayoutPreferredStock": "None",
        "proceedsFromIssuanceOfCommonStock": "None",
        "proceedsFromIssuanceOfLongTermDebtAndCapitalSecuritiesNet": "None",
        "proceedsFromIssuanceOfPreferredStock": "None",
        "proceedsFromRepurchaseOfEquity": "None",
        "proceedsFromSaleOfTreasuryStock": "None",
        "changeInCashAndCashEquivalents": "None",
        "changeInExchangeRate": "None",
        "netIncome": "662020"
      }
    ],
    "quarterlyReports": [
      {
        "fiscalDateEnding": "2025-09-30",
        "reportedCurrency": "USD",
        "operatingCashflow": "-32752449",
        "paymentsForOperatingActivities": "None",
        "proceedsFromOperatingActivities": "None",
        "changeInOperatingLiabilities": "None",
        "changeInOperatingAssets": "None",
        "depreciationDepletionAndAmortization": "4400082",
        "capitalExpenditures": "171647",
        "changeInReceivables": "None",
        "changeInInventory": "None",
        "profitLoss": "None",
        "cashflowFromInvestment": "-235803",
        "cashflowFromFinancing": "44570334",
        "proceedsFromRepaymentsOfShortTermDebt": "None",
        "paymentsForRepurchaseOfCommonStock": "None",
        "paymentsForRepurchaseOfEquity": "None",
        "paymentsForRepurchaseOfPreferredStock": "None",
        "dividendPayout": "None",
        "dividendPayoutCommonStock": "None",
        "dividendPayoutPreferredStock": "None",
        "proceedsFromIssuanceOfCommonStock": "None",
        "proceedsFromIssuanceOfLongTermDebtAndCapitalSecuritiesNet": "None",
        "proceedsFromIssuanceOfPreferredStock": "None",
        "proceedsFromRepurchaseOfEquity": "-3192124",
        "proceedsFromSaleOfTreasuryStock": "None",
        "changeInCashAndCashEquivalents": "None",
        "changeInExchangeRate": "None",
        "netIncome": "7075348"
      },
      {
        "fiscalDateEnding": "2025-06-30",
        "reportedCurrency": "USD",
        "operatingCashflow": "76102296",
        "paymentsForOperatingActivities": "None",
        "proceedsFromOperatingActivities": "None",
        "changeInOperatingLiabilities": "None",
        "changeInOperatingAssets": "None",
        "depreciationDepletionAndAmortization": "5184083",
        "capitalExpenditures": "407918",
        "changeInReceivables": "None",
        "changeInInventory": "None",
        "profitLoss": "None",
        "cashflowFromInvestment": "-10003939",
        "cashflowFromFinancing": "-35023217",
        "proceedsFromRepaymentsOfShortTermDebt": "None",
        "paymentsForRepurchaseOfCommonStock": "None",
        "paymentsForRepurchaseOfEquity": "None",
        "paymentsForRepurchaseOfPreferredStock": "None",
        "dividendPayout": "None",
        "dividendPayoutCommonStock": "None",
        "dividendPayoutPreferredStock": "None",
        "proceedsFromIssuanceOfCommonStock": "None",
        "proceedsFromIssuanceOfLongTermDebtAndCapitalSecuritiesNet": "None",
        "proceedsFromIssuanceOfPreferredStock": "None",
        "proceedsFromRepurchaseOfEquity": "-35051781",
        "proceedsFromSaleOfTreasuryStock": "None",
        "changeInCashAndCashEquivalents": "None",
        "changeInExchangeRate": "None",
        "netIncome": "17610929"
      },
      {
        "fiscalDateEnding": "2025-03-31",
        "reportedCurrency": "USD",
        "operatingCashflow": "-61590694",
        "paymentsForOperatingActivities": "None",
        "proceedsFromOperatingActivities": "None",
        "changeInOperatingLiabilities": "None",
        "changeInOperatingAssets": "None",
        "depreciationDepletionAndAmortization": "4758546",
        "capitalExpenditures": "224366",
        "changeInReceivables": "None",
        "changeInInventory": "None",
        "profitLoss": "None",
        "cashflowFromInvestment": "-3739403",
        "cashflowFromFinancing": "-22852454",
        "proceedsFromRepaymentsOfShortTermDebt": "None",
        "paymentsForRepurchaseOfCommonStock": "None",
        "paymentsForRepurchaseOfEquity": "None",
        "paymentsForRepurchaseOfPreferredStock": "None",
        "dividendPayout": "None",
        "dividendPayoutCommonStock": "None",
        "dividendPayoutPreferredStock": "None",
        "proceedsFromIssuanceOfCommonStock": "None",
        "proceedsFromIssuanceOfLongTermDebtAndCapitalSecuritiesNet": "None",
        "proceedsFromIssuanceOfPreferredStock": "None",
        "proceedsFromRepurchaseOfEquity": "-470068",
        "proceedsFromSaleOfTreasuryStock": "None",
        "changeInCashAndCashEquivalents": "None",
        "changeInExchangeRate": "None",
        "netIncome": "4639583"
      },
      {
        "fiscalDateEnding": "2024-12-31",
        "reportedCurrency": "USD",
        "operatingCashflow": "-91982966",
        "paymentsForOperatingActivities": "None",
        "proceedsFromOperatingActivities": "None",
        "changeInOperatingLiabilities": "None",
        "changeInOperatingAssets": "None",
        "depreciationDepletionAndAmortization": "2732373",
        "capitalExpenditures": "109541",
        "changeInReceivables": "None",
        "changeInInventory": "None",
        "profitLoss": "None",
        "cashflowFromInvestment": "-3788124",
        "cashflowFromFinancing": "208305757",
        "proceedsFromRepaymentsOfShortTermDebt": "None",
        "paymentsForRepurchaseOfCommonStock": "None",
        "paymentsForRepurchaseOfEquity": "None",
        "paymentsForRepurchaseOfPreferredStock": "None",
        "dividendPayout": "442283",
        "dividendPayoutCommonStock": "442283",
        "dividendPayoutPreferredStock": "None",
        "proceedsFromIssuanceOfCommonStock": "None",
        "proceedsFromIssuanceOfLongTermDebtAndCapitalSecuritiesNet": "None",
        "proceedsFromIssuanceOfPreferredStock": "None",
        "proceedsFromRepurchaseOfEquity": "7213627",
        "proceedsFromSaleOfTreasuryStock": "None",
        "changeInCashAndCashEquivalents": "None",
        "changeInExchangeRate": "None",
        "netIncome": "-19009504"
      },
      {
        "fiscalDateEnding": "2024-09-30",
        "reportedCurrency": "USD",
        "operatingCashflow": "-52284968",
        "paymentsForOperatingActivities": "None",
        "proceedsFromOperatingActivities": "None",
        "changeInOperatingLiabilities": "None",
        "changeInOperatingAssets": "None",
        "depreciationDepletionAndAmortization": "1745279",
        "capitalExpenditures": "242543",
        "changeInReceivables": "None",
        "changeInInventory": "None",
        "profitLoss": "None",
        "cashflowFromInvestment": "-451053",
        "cashflowFromFinancing": "-19178193",
        "proceedsFromRepaymentsOfShortTermDebt": "None",
        "paymentsForRepurchaseOfCommonStock": "None",
        "paymentsForRepurchaseOfEquity": "None",
        "paymentsForRepurchaseOfPreferredStock": "None",
        "dividendPayout": "442283",
        "dividendPayoutCommonStock": "442283",
        "dividendPayoutPreferredStock": "None",
        "proceedsFromIssuanceOfCommonStock": "None",
        "proceedsFromIssuanceOfLongTermDebtAndCapitalSecuritiesNet": "None",
        "proceedsFromIssuanceOfPreferredStock": "None",
        "proceedsFromRepurchaseOfEquity": "-1483627",
        "proceedsFromSaleOfTreasuryStock": "None",
        "changeInCashAndCashEquivalents": "None",
        "changeInExchangeRate": "None",
        "netIncome": "-5446689"
      },
      {
        "fiscalDateEnding": "2024-06-30",
        "reportedCurrency": "USD",
        "operatingCashflow": "-67056798",
        "paymentsForOperatingActivities": "None",
        "proceedsFromOperatingActivities": "None",
        "changeInOperatingLiabilities": "None",
        "changeInOperatingAssets": "None",
        "depreciationDepletionAndAmortization": "1750452",
        "capitalExpenditures": "199259",
        "changeInReceivables": "None",
        "changeInInventory": "None",
        "profitLoss": "None",
        "cashflowFromInvestment": "-462320",
        "cashflowFromFinancing": "93456435",
        "proceedsFromRepaymentsOfShortTermDebt": "None",
        "paymentsForRepurchaseOfCommonStock": "None",
        "paymentsForRepurchaseOfEquity": "None",
        "paymentsForRepurchaseOfPreferredStock": "None",
        "dividendPayout": "None",
        "dividendPayoutCommonStock": "None",
        "dividendPayoutPreferredStock": "None",
        "proceedsFromIssuanceOfCommonStock": "None",
        "proceedsFromIssuanceOfLongTermDebtAndCapitalSecuritiesNet": "None",
        "proceedsFromIssuanceOfPreferredStock": "None",
        "proceedsFromRepurchaseOfEquity": "-3217683",
        "proceedsFromSaleOfTreasuryStock": "None",
        "changeInCashAndCashEquivalents": "None",
        "changeInExchangeRate": "None",
        "netIncome": "651749"
      },
      {
        "fiscalDateEnding": "2024-03-31",
        "reportedCurrency": "USD",
        "operatingCashflow": "2514288",
        "paymentsForOperatingActivities": "None",
        "proceedsFromOperatingActivities": "None",
        "changeInOperatingLiabilities": "None",
        "changeInOperatingAssets": "None",
        "depreciationDepletionAndAmortization": "1682054",
        "capitalExpenditures": "253793",
        "changeInReceivables": "None",
        "changeInInventory": "None",
        "profitLoss": "None",
        "cashflowFromInvestment": "-253793",
        "cashflowFromFinancing": "37537349",
        "proceedsFromRepaymentsOfShortTermDebt": "None",
        "paymentsForRepurchaseOfCommonStock": "None",
        "paymentsForRepurchaseOfEquity": "None",
        "paymentsForRepurchaseOfPreferredStock": "None",
        "dividendPayout": "None",
        "dividendPayoutCommonStock": "None",
        "dividendPayoutPreferredStock": "None",
        "proceedsFromIssuanceOfCommonStock": "None",
        "proceedsFromIssuanceOfLongTermDebtAndCapitalSecuritiesNet": "None",
        "proceedsFromIssuanceOfPreferredStock": "None",
        "proceedsFromRepurchaseOfEquity": "-7524392",
        "proceedsFromSaleOfTreasuryStock": "None",
        "changeInCashAndCashEquivalents": "None",
        "changeInExchangeRate": "None",
        "netIncome": "-1275471"
      },
      {
        "fiscalDateEnding": "2023-12-31",
        "reportedCurrency": "USD",
        "operatingCashflow": "-13347075",
        "paymentsForOperatingActivities": "None",
        "proceedsFromOperatingActivities": "None",
        "changeInOperatingLiabilities": "None",
        "changeInOperatingAssets": "None",
        "depreciationDepletionAndAmortization": "1712934",
        "capitalExpenditures": "92953",
        "changeInReceivables": "None",
        "changeInInventory": "None",
        "profitLoss": "None",
        "cashflowFromInvestment": "-327935",
        "cashflowFromFinancing": "2614488",
        "proceedsFromRepaymentsOfShortTermDebt": "None",
        "paymentsForRepurchaseOfCommonStock": "None",
        "paymentsForRepurchaseOfEquity": "None",
        "paymentsForRepurchaseOfPreferredStock": "None",
        "dividendPayout": "None",
        "dividendPayoutCommonStock": "None",
        "dividendPayoutPreferredStock": "None",
        "proceedsFromIssuanceOfCommonStock": "None",
        "proceedsFromIssuanceOfLongTermDebtAndCapitalSecuritiesNet": "None",
        "proceedsFromIssuanceOfPreferredStock": "None",
        "proceedsFromRepurchaseOfEquity": "-1283062",
        "proceedsFromSaleOfTreasuryStock": "None",
        "changeInCashAndCashEquivalents": "None",
        "changeInExchangeRate": "None",
        "netIncome": "-6364830"
      },
      {
        "fiscalDateEnding": "2023-09-30",
        "reportedCurrency": "USD",
        "operatingCashflow": "-51151782",
        "paymentsForOperatingActivities": "None",
        "proceedsFromOperatingActivities": "None",
        "changeInOperatingLiabilities": "None",
        "changeInOperatingAssets": "None",
        "depreciationDepletionAndAmortization": "1637559",
        "capitalExpenditures": "96721",
        "changeInReceivables": "None",
        "changeInInventory": "None",
        "profitLoss": "None",
        "cashflowFromInvestment": "2751965",
        "cashflowFromFinancing": "55646698",
        "proceedsFromRepaymentsOfShortTermDebt": "None",
        "paymentsForRepurchaseOfCommonStock": "None",
        "paymentsForRepurchaseOfEquity": "None",
        "paymentsForRepurchaseOfPreferredStock": "None",
        "dividendPayout": "23090790",
        "dividendPayoutCommonStock": "23090790",
        "dividendPayoutPreferredStock": "None",
        "proceedsFromIssuanceOfCommonStock": "None",
        "proceedsFromIssuanceOfLongTermDebtAndCapitalSecuritiesNet": "None",
        "proceedsFromIssuanceOfPreferredStock": "None",
        "proceedsFromRepurchaseOfEquity": "-1",
        "proceedsFromSaleOfTreasuryStock": "None",
        "changeInCashAndCashEquivalents": "None",
        "changeInExchangeRate": "None",
        "netIncome": "903361"
      },
      {
        "fiscalDateEnding": "2023-06-30",
        "reportedCurrency": "USD",
        "operatingCashflow": "-20983356",
        "paymentsForOperatingActivities": "None",
        "proceedsFromOperatingActivities": "None",
        "changeInOperatingLiabilities": "None",
        "changeInOperatingAssets": "None",
        "depreciationDepletionAndAmortization": "1098",
        "capitalExpenditures": "62804",
        "changeInReceivables": "None",
        "changeInInventory": "None",
        "profitLoss": "None",
        "cashflowFromInvestment": "-6062290",
        "cashflowFromFinancing": "27934616",
        "proceedsFromRepaymentsOfShortTermDebt": "None",
        "paymentsForRepurchaseOfCommonStock": "None",
        "paymentsForRepurchaseOfEquity": "None",
        "paymentsForRepurchaseOfPreferredStock": "None",
        "dividendPayout": "442283",
        "dividendPayoutCommonStock": "442283",
        "dividendPayoutPreferredStock": "None",
        "proceedsFromIssuanceOfCommonStock": "None",
        "proceedsFromIssuanceOfLongTermDebtAndCapitalSecuritiesNet": "None",
        "proceedsFromIssuanceOfPreferredStock": "None",
        "proceedsFromRepurchaseOfEquity": "-23533072",
        "proceedsFromSaleOfTreasuryStock": "None",
        "changeInCashAndCashEquivalents": "None",
        "changeInExchangeRate": "None",
        "netIncome": "6723549"
      },
      {
        "fiscalDateEnding": "2023-03-31",
        "reportedCurrency": "USD",
        "operatingCashflow": "-17380815",
        "paymentsForOperatingActivities": "None",
        "proceedsFromOperatingActivities": "None",
        "changeInOperatingLiabilities": "None",
        "changeInOperatingAssets": "None",
        "depreciationDepletionAndAmortization": "1043",
        "capitalExpenditures": "45590",
        "changeInReceivables": "None",
        "changeInInventory": "None",
        "profitLoss": "None",
        "cashflowFromInvestment": "-998337",
        "cashflowFromFinancing": "8048481",
        "proceedsFromRepaymentsOfShortTermDebt": "None",
        "paymentsForRepurchaseOfCommonStock": "None",
        "paymentsForRepurchaseOfEquity": "None",
        "paymentsForRepurchaseOfPreferredStock": "None",
        "dividendPayout": "1740637",
        "dividendPayoutCommonStock": "1740637",
        "dividendPayoutPreferredStock": "None",
        "proceedsFromIssuanceOfCommonStock": "None",
        "proceedsFromIssuanceOfLongTermDebtAndCapitalSecuritiesNet": "None",
        "proceedsFromIssuanceOfPreferredStock": "None",
        "proceedsFromRepurchaseOfEquity": "-4000000",
        "proceedsFromSaleOfTreasuryStock": "None",
        "changeInCashAndCashEquivalents": "None",
        "changeInExchangeRate": "None",
        "netIncome": "7624796"
      },
      {
        "fiscalDateEnding": "2022-12-31",
        "reportedCurrency": "USD",
        "operatingCashflow": "-626114",
        "paymentsForOperatingActivities": "None",
        "proceedsFromOperatingActivities": "None",
        "changeInOperatingLiabilities": "None",
        "changeInOperatingAssets": "None",
        "depreciationDepletionAndAmortization": "1071",
        "capitalExpenditures": "64099",
        "changeInReceivables": "None",
        "changeInInventory": "None",
        "profitLoss": "None",
        "cashflowFromInvestment": "-962178",
        "cashflowFromFinancing": "10892134",
        "proceedsFromRepaymentsOfShortTermDebt": "None",
        "paymentsForRepurchaseOfCommonStock": "None",
        "paymentsForRepurchaseOfEquity": "None",
        "paymentsForRepurchaseOfPreferredStock": "None",
        "dividendPayout": "1740637",
        "dividendPayoutCommonStock": "1740637",
        "dividendPayoutPreferredStock": "None",
        "proceedsFromIssuanceOfCommonStock": "None",
        "proceedsFromIssuanceOfLongTermDebtAndCapitalSecuritiesNet": "None",
        "proceedsFromIssuanceOfPreferredStock": "None",
        "proceedsFromRepurchaseOfEquity": "-4000000",
        "proceedsFromSaleOfTreasuryStock": "None",
        "changeInCashAndCashEquivalents": "None",
        "changeInExchangeRate": "None",
        "netIncome": "-2546367"
      },
      {
        "fiscalDateEnding": "2022-09-30",
        "reportedCurrency": "USD",
        "operatingCashflow": "-1349855",
        "paymentsForOperatingActivities": "None",
        "proceedsFromOperatingActivities": "None",
        "changeInOperatingLiabilities": "None",
        "changeInOperatingAssets": "None",
        "depreciationDepletionAndAmortization": "1070",
        "capitalExpenditures": "5",
        "changeInReceivables": "None",
        "changeInInventory": "None",
        "profitLoss": "None",
        "cashflowFromInvestment": "247125078",
        "cashflowFromFinancing": "-244662900",
        "proceedsFromRepaymentsOfShortTermDebt": "None",
        "paymentsForRepurchaseOfCommonStock": "None",
        "paymentsForRepurchaseOfEquity": "None",
        "paymentsForRepurchaseOfPreferredStock": "None",
        "dividendPayout": "1740131",
        "dividendPayoutCommonStock": "1740131",
        "dividendPayoutPreferredStock": "None",
        "proceedsFromIssuanceOfCommonStock": "None",
        "proceedsFromIssuanceOfLongTermDebtAndCapitalSecuritiesNet": "None",
        "proceedsFromIssuanceOfPreferredStock": "None",
        "proceedsFromRepurchaseOfEquity": "None",
        "proceedsFromSaleOfTreasuryStock": "None",
        "changeInCashAndCashEquivalents": "None",
        "changeInExchangeRate": "None",
        "netIncome": "-6347119"
      },
      {
        "fiscalDateEnding": "2022-06-30",
        "reportedCurrency": "USD",
        "operatingCashflow": "-8961536",
        "paymentsForOperatingActivities": "None",
        "proceedsFromOperatingActivities": "None",
        "changeInOperatingLiabilities": "None",
        "changeInOperatingAssets": "None",
        "depreciationDepletionAndAmortization": "1098",
        "capitalExpenditures": "21158",
        "changeInReceivables": "None",
        "changeInInventory": "None",
        "profitLoss": "None",
        "cashflowFromInvestment": "1038305",
        "cashflowFromFinancing": "3881530",
        "proceedsFromRepaymentsOfShortTermDebt": "None",
        "paymentsForRepurchaseOfCommonStock": "None",
        "paymentsForRepurchaseOfEquity": "None",
        "paymentsForRepurchaseOfPreferredStock": "None",
        "dividendPayout": "2168",
        "dividendPayoutCommonStock": "2168",
        "dividendPayoutPreferredStock": "None",
        "proceedsFromIssuanceOfCommonStock": "None",
        "proceedsFromIssuanceOfLongTermDebtAndCapitalSecuritiesNet": "None",
        "proceedsFromIssuanceOfPreferredStock": "None",
        "proceedsFromRepurchaseOfEquity": "-310000",
        "proceedsFromSaleOfTreasuryStock": "None",
        "changeInCashAndCashEquivalents": "None",
        "changeInExchangeRate": "None",
        "netIncome": "4679558"
      },
      {
        "fiscalDateEnding": "2022-03-31",
        "reportedCurrency": "None",
        "operatingCashflow": "-340581",
        "paymentsForOperatingActivities": "None",
        "proceedsFromOperatingActivities": "None",
        "changeInOperatingLiabilities": "None",
        "changeInOperatingAssets": "None",
        "depreciationDepletionAndAmortization": "None",
        "capitalExpenditures": "0",
        "changeInReceivables": "None",
        "changeInInventory": "None",
        "profitLoss": "None",
        "cashflowFromInvestment": "52400",
        "cashflowFromFinancing": "None",
        "proceedsFromRepaymentsOfShortTermDebt": "None",
        "paymentsForRepurchaseOfCommonStock": "None",
        "paymentsForRepurchaseOfEquity": "None",
        "paymentsForRepurchaseOfPreferredStock": "None",
        "dividendPayout": "None",
        "dividendPayoutCommonStock": "None",
        "dividendPayoutPreferredStock": "None",
        "proceedsFromIssuanceOfCommonStock": "None",
        "proceedsFromIssuanceOfLongTermDebtAndCapitalSecuritiesNet": "None",
        "proceedsFromIssuanceOfPreferredStock": "None",
        "proceedsFromRepurchaseOfEquity": "-2090000",
        "proceedsFromSaleOfTreasuryStock": "None",
        "changeInCashAndCashEquivalents": "None",
        "changeInExchangeRate": "None",
        "netIncome": "1461978"
      },
      {
        "fiscalDateEnding": "2021-12-31",
        "reportedCurrency": "None",
        "operatingCashflow": "-408258",
        "paymentsForOperatingActivities": "None",
        "proceedsFromOperatingActivities": "None",
        "changeInOperatingLiabilities": "None",
        "changeInOperatingAssets": "None",
        "depreciationDepletionAndAmortization": "None",
        "capitalExpenditures": "0",
        "changeInReceivables": "None",
        "changeInInventory": "None",
        "profitLoss": "None",
        "cashflowFromInvestment": "None",
        "cashflowFromFinancing": "1500000",
        "proceedsFromRepaymentsOfShortTermDebt": "None",
        "paymentsForRepurchaseOfCommonStock": "None",
        "paymentsForRepurchaseOfEquity": "None",
        "paymentsForRepurchaseOfPreferredStock": "None",
        "dividendPayout": "None",
        "dividendPayoutCommonStock": "None",
        "dividendPayoutPreferredStock": "None",
        "proceedsFromIssuanceOfCommonStock": "None",
        "proceedsFromIssuanceOfLongTermDebtAndCapitalSecuritiesNet": "None",
        "proceedsFromIssuanceOfPreferredStock": "None",
        "proceedsFromRepurchaseOfEquity": "-400000",
        "proceedsFromSaleOfTreasuryStock": "None",
        "changeInCashAndCashEquivalents": "None",
        "changeInExchangeRate": "None",
        "netIncome": "10763775"
      },
      {
        "fiscalDateEnding": "2021-09-30",
        "reportedCurrency": "None",
        "operatingCashflow": "-408258",
        "paymentsForOperatingActivities": "None",
        "proceedsFromOperatingActivities": "None",
        "changeInOperatingLiabilities": "None",
        "changeInOperatingAssets": "None",
        "depreciationDepletionAndAmortization": "None",
        "capitalExpenditures": "0",
        "changeInReceivables": "None",
        "changeInInventory": "None",
        "profitLoss": "None",
        "cashflowFromInvestment": "None",
        "cashflowFromFinancing": "1500000",
        "proceedsFromRepaymentsOfShortTermDebt": "None",
        "paymentsForRepurchaseOfCommonStock": "None",
        "paymentsForRepurchaseOfEquity": "None",
        "paymentsForRepurchaseOfPreferredStock": "None",
        "dividendPayout": "None",
        "dividendPayoutCommonStock": "None",
        "dividendPayoutPreferredStock": "None",
        "proceedsFromIssuanceOfCommonStock": "None",
        "proceedsFromIssuanceOfLongTermDebtAndCapitalSecuritiesNet": "None",
        "proceedsFromIssuanceOfPreferredStock": "None",
        "proceedsFromRepurchaseOfEquity": "-400000",
        "proceedsFromSaleOfTreasuryStock": "None",
        "changeInCashAndCashEquivalents": "None",
        "changeInExchangeRate": "None",
        "netIncome": "10763775"
      }
    ]
  },
  "incomeStatement": {
    "symbol": "ABL",
    "annualReports": [
      {
        "fiscalDateEnding": "2024-12-31",
        "reportedCurrency": "USD",
        "grossProfit": "100552053",
        "totalRevenue": "111923786",
        "costOfRevenue": "11371733",
        "costofGoodsAndServicesSold": "11371733",
        "operatingIncome": "-888304",
        "sellingGeneralAndAdministrative": "81734518",
        "researchAndDevelopment": "None",
        "operatingExpenses": "101440357",
        "investmentIncomeNet": "None",
        "netInterestIncome": "-15880995",
        "interestIncome": "2398691",
        "interestExpense": "18280000",
        "nonInterestIncome": "None",
        "otherNonOperatingIncome": "None",
        "depreciation": "None",
        "depreciationAndAmortization": "7910158",
        "incomeBeforeTax": "-19433299",
        "incomeTaxExpense": "5484738",
        "interestAndDebtExpense": "None",
        "netIncomeFromContinuingOperations": "-24918037",
        "comprehensiveIncomeNetOfTax": "None",
        "ebit": "-1153613",
        "ebitda": "6756545",
        "netIncome": "-23961050"
      },
      {
        "fiscalDateEnding": "2023-12-31",
        "reportedCurrency": "USD",
        "grossProfit": "59911074",
        "totalRevenue": "66401451",
        "costOfRevenue": "6490377",
        "costofGoodsAndServicesSold": "6490377",
        "operatingIncome": "24125882",
        "sellingGeneralAndAdministrative": "26482571",
        "researchAndDevelopment": "0.16",
        "operatingExpenses": "35785192",
        "investmentIncomeNet": "None",
        "netInterestIncome": "-9272057",
        "interestIncome": "594764",
        "interestExpense": "9866821",
        "nonInterestIncome": "None",
        "otherNonOperatingIncome": "None",
        "depreciation": "None",
        "depreciationAndAmortization": "3409928",
        "incomeBeforeTax": "10503022",
        "incomeTaxExpense": "1468535",
        "interestAndDebtExpense": "None",
        "netIncomeFromContinuingOperations": "9034487",
        "comprehensiveIncomeNetOfTax": "None",
        "ebit": "20369843",
        "ebitda": "23779771",
        "netIncome": "9516626"
      },
      {
        "fiscalDateEnding": "2022-12-31",
        "reportedCurrency": "USD",
        "grossProfit": "8642458",
        "totalRevenue": "25203463",
        "costOfRevenue": "16561005",
        "costofGoodsAndServicesSold": "16561005",
        "operatingIncome": "-44132",
        "sellingGeneralAndAdministrative": "8674152",
        "researchAndDevelopment": "None",
        "operatingExpenses": "25253940",
        "investmentIncomeNet": "None",
        "netInterestIncome": "-6618",
        "interestIncome": "2199",
        "interestExpense": "8817",
        "nonInterestIncome": "None",
        "otherNonOperatingIncome": "None",
        "depreciation": "None",
        "depreciationAndAmortization": "4282",
        "incomeBeforeTax": "-50477",
        "incomeTaxExpense": "889943",
        "interestAndDebtExpense": "None",
        "netIncomeFromContinuingOperations": "-52495",
        "comprehensiveIncomeNetOfTax": "None",
        "ebit": "34801596",
        "ebitda": "34369620",
        "netIncome": "-52495"
      },
      {
        "fiscalDateEnding": "2021-12-31",
        "reportedCurrency": "USD",
        "grossProfit": "8386803",
        "totalRevenue": "22592144",
        "costOfRevenue": "14205341",
        "costofGoodsAndServicesSold": "14205341",
        "operatingIncome": "937115",
        "sellingGeneralAndAdministrative": "7389549",
        "researchAndDevelopment": "None",
        "operatingExpenses": "21593529",
        "investmentIncomeNet": "None",
        "netInterestIncome": "11500",
        "interestIncome": "11500",
        "interestExpense": "0",
        "nonInterestIncome": "None",
        "otherNonOperatingIncome": "None",
        "depreciation": "None",
        "depreciationAndAmortization": "31244",
        "incomeBeforeTax": "998615",
        "incomeTaxExpense": "1200",
        "interestAndDebtExpense": "None",
        "netIncomeFromContinuingOperations": "997415",
        "comprehensiveIncomeNetOfTax": "None",
        "ebit": "346965",
        "ebitda": "1029859",
        "netIncome": "997415"
      },
      {
        "fiscalDateEnding": "2020-12-31",
        "reportedCurrency": "USD",
        "grossProfit": "27370319",
        "totalRevenue": "27370319",
        "costOfRevenue": "514669",
        "costofGoodsAndServicesSold": "514669",
        "operatingIncome": "-18694877",
        "sellingGeneralAndAdministrative": "6445448",
        "researchAndDevelopment": "None",
        "operatingExpenses": "25930547",
        "investmentIncomeNet": "None",
        "netInterestIncome": "18426",
        "interestIncome": "18426",
        "interestExpense": "None",
        "nonInterestIncome": "None",
        "otherNonOperatingIncome": "None",
        "depreciation": "None",
        "depreciationAndAmortization": "19454",
        "incomeBeforeTax": "1439772",
        "incomeTaxExpense": "1563",
        "interestAndDebtExpense": "None",
        "netIncomeFromContinuingOperations": "1438209",
        "comprehensiveIncomeNetOfTax": "None",
        "ebit": "-18694877",
        "ebitda": "-18675423",
        "netIncome": "1438209"
      }
    ],
    "quarterlyReports": [
      {
        "fiscalDateEnding": "2025-09-30",
        "reportedCurrency": "USD",
        "grossProfit": "55319458",
        "totalRevenue": "62975156",
        "costOfRevenue": "7655698",
        "costofGoodsAndServicesSold": "7655698",
        "operatingIncome": "22413178",
        "sellingGeneralAndAdministrative": "24706314",
        "researchAndDevelopment": "None",
        "operatingExpenses": "32906280",
        "investmentIncomeNet": "None",
        "netInterestIncome": "-8934824",
        "interestIncome": "803648",
        "interestExpense": "9738472",
        "nonInterestIncome": "None",
        "otherNonOperatingIncome": "None",
        "depreciation": "None",
        "depreciationAndAmortization": "4400082",
        "incomeBeforeTax": "11768034",
        "incomeTaxExpense": "4692686",
        "interestAndDebtExpense": "None",
        "netIncomeFromContinuingOperations": "7075348",
        "comprehensiveIncomeNetOfTax": "None",
        "ebit": "21506506",
        "ebitda": "25906588",
        "netIncome": "7075348"
      },
      {
        "fiscalDateEnding": "2025-06-30",
        "reportedCurrency": "USD",
        "grossProfit": "50169976",
        "totalRevenue": "56224620",
        "costOfRevenue": "6054644",
        "costofGoodsAndServicesSold": "6054644",
        "operatingIncome": "22519595",
        "sellingGeneralAndAdministrative": "18926329",
        "researchAndDevelopment": "None",
        "operatingExpenses": "27650381",
        "investmentIncomeNet": "None",
        "netInterestIncome": "-7739867",
        "interestIncome": "1012278",
        "interestExpense": "8752145",
        "nonInterestIncome": "None",
        "otherNonOperatingIncome": "None",
        "depreciation": "None",
        "depreciationAndAmortization": "5184083",
        "incomeBeforeTax": "21680900",
        "incomeTaxExpense": "4069971",
        "interestAndDebtExpense": "None",
        "netIncomeFromContinuingOperations": "17610929",
        "comprehensiveIncomeNetOfTax": "None",
        "ebit": "30433045",
        "ebitda": "35617128",
        "netIncome": "17583689"
      },
      {
        "fiscalDateEnding": "2025-03-31",
        "reportedCurrency": "USD",
        "grossProfit": "37030939",
        "totalRevenue": "44139346",
        "costOfRevenue": "7108407",
        "costofGoodsAndServicesSold": "7108407",
        "operatingIncome": "21026964",
        "sellingGeneralAndAdministrative": "12263786",
        "researchAndDevelopment": "None",
        "operatingExpenses": "16003975",
        "investmentIncomeNet": "None",
        "netInterestIncome": "-8443329",
        "interestIncome": "1175001",
        "interestExpense": "9618330",
        "nonInterestIncome": "None",
        "otherNonOperatingIncome": "None",
        "depreciation": "None",
        "depreciationAndAmortization": "4758546",
        "incomeBeforeTax": "7733111",
        "incomeTaxExpense": "2334085",
        "interestAndDebtExpense": "None",
        "netIncomeFromContinuingOperations": "5399026",
        "comprehensiveIncomeNetOfTax": "None",
        "ebit": "17351441",
        "ebitda": "22109987",
        "netIncome": "4639583"
      },
      {
        "fiscalDateEnding": "2024-12-31",
        "reportedCurrency": "USD",
        "grossProfit": "29492688",
        "totalRevenue": "33212009",
        "costOfRevenue": "3719321",
        "costofGoodsAndServicesSold": "3719321",
        "operatingIncome": "-16762174",
        "sellingGeneralAndAdministrative": "40338172",
        "researchAndDevelopment": "None",
        "operatingExpenses": "46254862",
        "investmentIncomeNet": "None",
        "netInterestIncome": "-5133877",
        "interestIncome": "727863",
        "interestExpense": "5861740",
        "nonInterestIncome": "None",
        "otherNonOperatingIncome": "None",
        "depreciation": "None",
        "depreciationAndAmortization": "2732373",
        "incomeBeforeTax": "-16205621",
        "incomeTaxExpense": "2803883",
        "interestAndDebtExpense": "None",
        "netIncomeFromContinuingOperations": "-19009504",
        "comprehensiveIncomeNetOfTax": "None",
        "ebit": "-10343881",
        "ebitda": "-7611508",
        "netIncome": "-18257233"
      },
      {
        "fiscalDateEnding": "2024-09-30",
        "reportedCurrency": "USD",
        "grossProfit": "25960510",
        "totalRevenue": "28148491",
        "costOfRevenue": "2187981",
        "costofGoodsAndServicesSold": "2187981",
        "operatingIncome": "6849971",
        "sellingGeneralAndAdministrative": "15489503",
        "researchAndDevelopment": "None",
        "operatingExpenses": "19110539",
        "investmentIncomeNet": "None",
        "netInterestIncome": "-3608818",
        "interestIncome": "609496",
        "interestExpense": "4218314",
        "nonInterestIncome": "None",
        "otherNonOperatingIncome": "None",
        "depreciation": "None",
        "depreciationAndAmortization": "1745279",
        "incomeBeforeTax": "-5535179",
        "incomeTaxExpense": "-250368",
        "interestAndDebtExpense": "None",
        "netIncomeFromContinuingOperations": "-5284811",
        "comprehensiveIncomeNetOfTax": "None",
        "ebit": "-1316865",
        "ebitda": "428414",
        "netIncome": "-5125055"
      },
      {
        "fiscalDateEnding": "2024-06-30",
        "reportedCurrency": "USD",
        "grossProfit": "26332568",
        "totalRevenue": "29076102",
        "costOfRevenue": "2743534",
        "costofGoodsAndServicesSold": "2743534",
        "operatingIncome": "6770770",
        "sellingGeneralAndAdministrative": "14553344",
        "researchAndDevelopment": "None",
        "operatingExpenses": "19561798",
        "investmentIncomeNet": "None",
        "netInterestIncome": "-3889281",
        "interestIncome": "639906",
        "interestExpense": "4529187",
        "nonInterestIncome": "None",
        "otherNonOperatingIncome": "None",
        "depreciation": "None",
        "depreciationAndAmortization": "1750452",
        "incomeBeforeTax": "2409459",
        "incomeTaxExpense": "1757710",
        "interestAndDebtExpense": "None",
        "netIncomeFromContinuingOperations": "651749",
        "comprehensiveIncomeNetOfTax": "None",
        "ebit": "6938646",
        "ebitda": "8689098",
        "netIncome": "769983"
      },
      {
        "fiscalDateEnding": "2024-03-31",
        "reportedCurrency": "USD",
        "grossProfit": "18766287",
        "totalRevenue": "21487184",
        "costOfRevenue": "2720897",
        "costofGoodsAndServicesSold": "2720897",
        "operatingIncome": "2253129",
        "sellingGeneralAndAdministrative": "11353499",
        "researchAndDevelopment": "None",
        "operatingExpenses": "16513158",
        "investmentIncomeNet": "None",
        "netInterestIncome": "-3249019",
        "interestIncome": "421426",
        "interestExpense": "3670445",
        "nonInterestIncome": "None",
        "otherNonOperatingIncome": "None",
        "depreciation": "None",
        "depreciationAndAmortization": "1682054",
        "incomeBeforeTax": "-101958",
        "incomeTaxExpense": "1173513",
        "interestAndDebtExpense": "None",
        "netIncomeFromContinuingOperations": "-1275471",
        "comprehensiveIncomeNetOfTax": "None",
        "ebit": "3568487",
        "ebitda": "5250541",
        "netIncome": "-1348745"
      },
      {
        "fiscalDateEnding": "2023-12-31",
        "reportedCurrency": "USD",
        "grossProfit": "22033077",
        "totalRevenue": "23695547",
        "costOfRevenue": "1662470",
        "costofGoodsAndServicesSold": "1662470",
        "operatingIncome": "1993769",
        "sellingGeneralAndAdministrative": "15369189",
        "researchAndDevelopment": "None",
        "operatingExpenses": "20039308",
        "investmentIncomeNet": "None",
        "netInterestIncome": "-5722645",
        "interestIncome": "523481",
        "interestExpense": "6246126",
        "nonInterestIncome": "None",
        "otherNonOperatingIncome": "None",
        "depreciation": "None",
        "depreciationAndAmortization": "1712934",
        "incomeBeforeTax": "-7134714",
        "incomeTaxExpense": "-769884",
        "interestAndDebtExpense": "None",
        "netIncomeFromContinuingOperations": "-6364830",
        "comprehensiveIncomeNetOfTax": "None",
        "ebit": "-888588",
        "ebitda": "824346",
        "netIncome": "-6222383"
      },
      {
        "fiscalDateEnding": "2023-09-30",
        "reportedCurrency": "USD",
        "grossProfit": "17755973",
        "totalRevenue": "21120930",
        "costOfRevenue": "3364957",
        "costofGoodsAndServicesSold": "3364957",
        "operatingIncome": "6300012",
        "sellingGeneralAndAdministrative": "9838951",
        "researchAndDevelopment": "None",
        "operatingExpenses": "11455961",
        "investmentIncomeNet": "None",
        "netInterestIncome": "-2615411",
        "interestIncome": "63826",
        "interestExpense": "2679237",
        "nonInterestIncome": "None",
        "otherNonOperatingIncome": "None",
        "depreciation": "None",
        "depreciationAndAmortization": "1694853",
        "incomeBeforeTax": "2761287",
        "incomeTaxExpense": "1710315",
        "interestAndDebtExpense": "None",
        "netIncomeFromContinuingOperations": "1050972",
        "comprehensiveIncomeNetOfTax": "None",
        "ebit": "5440524",
        "ebitda": "7135377",
        "netIncome": "903361"
      },
      {
        "fiscalDateEnding": "2023-06-30",
        "reportedCurrency": "USD",
        "grossProfit": "10405365",
        "totalRevenue": "11378765",
        "costOfRevenue": "973400",
        "costofGoodsAndServicesSold": "973400",
        "operatingIncome": "8370594",
        "sellingGeneralAndAdministrative": "577539",
        "researchAndDevelopment": "None",
        "operatingExpenses": "2034771",
        "investmentIncomeNet": "None",
        "netInterestIncome": "-4670",
        "interestIncome": "1193",
        "interestExpense": "584075",
        "nonInterestIncome": "None",
        "otherNonOperatingIncome": "None",
        "depreciation": "None",
        "depreciationAndAmortization": "1098",
        "incomeBeforeTax": "7908120",
        "incomeTaxExpense": "1184571",
        "interestAndDebtExpense": "None",
        "netIncomeFromContinuingOperations": "-318098",
        "comprehensiveIncomeNetOfTax": "None",
        "ebit": "8492195",
        "ebitda": "8493293",
        "netIncome": "6750145"
      },
      {
        "fiscalDateEnding": "2023-03-31",
        "reportedCurrency": "USD",
        "grossProfit": "9783839",
        "totalRevenue": "10273389",
        "costOfRevenue": "489550",
        "costofGoodsAndServicesSold": "489550",
        "operatingIncome": "7528687",
        "sellingGeneralAndAdministrative": "696892",
        "researchAndDevelopment": "None",
        "operatingExpenses": "2255152",
        "investmentIncomeNet": "None",
        "netInterestIncome": "-5138",
        "interestIncome": "724",
        "interestExpense": "357383",
        "nonInterestIncome": "None",
        "otherNonOperatingIncome": "None",
        "depreciation": "None",
        "depreciationAndAmortization": "1043",
        "incomeBeforeTax": "6968329",
        "incomeTaxExpense": "-656467",
        "interestAndDebtExpense": "None",
        "netIncomeFromContinuingOperations": "-656803",
        "comprehensiveIncomeNetOfTax": "None",
        "ebit": "7325712",
        "ebitda": "7326755",
        "netIncome": "8085503"
      },
      {
        "fiscalDateEnding": "2022-12-31",
        "reportedCurrency": "USD",
        "grossProfit": "-17300621",
        "totalRevenue": "-4580585",
        "costOfRevenue": "12720036",
        "costofGoodsAndServicesSold": "12720036",
        "operatingIncome": "-23170772",
        "sellingGeneralAndAdministrative": "7967902",
        "researchAndDevelopment": "None",
        "operatingExpenses": "5870151",
        "investmentIncomeNet": "None",
        "netInterestIncome": "-6618",
        "interestIncome": "2199",
        "interestExpense": "8817",
        "nonInterestIncome": "None",
        "otherNonOperatingIncome": "None",
        "depreciation": "None",
        "depreciationAndAmortization": "102111",
        "incomeBeforeTax": "-22977159",
        "incomeTaxExpense": "-646869",
        "interestAndDebtExpense": "None",
        "netIncomeFromContinuingOperations": "-22330290",
        "comprehensiveIncomeNetOfTax": "None",
        "ebit": "-22968342",
        "ebitda": "-22866231",
        "netIncome": "-21560197"
      },
      {
        "fiscalDateEnding": "2022-09-30",
        "reportedCurrency": "USD",
        "grossProfit": "9752854",
        "totalRevenue": "11507748",
        "costOfRevenue": "1754894",
        "costofGoodsAndServicesSold": "1754894",
        "operatingIncome": "10665248",
        "sellingGeneralAndAdministrative": "59816",
        "researchAndDevelopment": "None",
        "operatingExpenses": "-912394",
        "investmentIncomeNet": "None",
        "netInterestIncome": "0",
        "interestIncome": "0",
        "interestExpense": "0",
        "nonInterestIncome": "None",
        "otherNonOperatingIncome": "None",
        "depreciation": "None",
        "depreciationAndAmortization": "1071",
        "incomeBeforeTax": "10707537",
        "incomeTaxExpense": "352081",
        "interestAndDebtExpense": "None",
        "netIncomeFromContinuingOperations": "10355456",
        "comprehensiveIncomeNetOfTax": "None",
        "ebit": "10707537",
        "ebitda": "10708608",
        "netIncome": "9992004"
      },
      {
        "fiscalDateEnding": "2022-06-30",
        "reportedCurrency": "USD",
        "grossProfit": "2119984",
        "totalRevenue": "5691916",
        "costOfRevenue": "3571932",
        "costofGoodsAndServicesSold": "3571932",
        "operatingIncome": "-91115",
        "sellingGeneralAndAdministrative": "2208051",
        "researchAndDevelopment": "None",
        "operatingExpenses": "2211099",
        "investmentIncomeNet": "None",
        "netInterestIncome": "992",
        "interestIncome": "599",
        "interestExpense": "None",
        "nonInterestIncome": "None",
        "otherNonOperatingIncome": "None",
        "depreciation": "None",
        "depreciationAndAmortization": "47660",
        "incomeBeforeTax": "-90243",
        "incomeTaxExpense": "-86065",
        "interestAndDebtExpense": "None",
        "netIncomeFromContinuingOperations": "-90243",
        "comprehensiveIncomeNetOfTax": "None",
        "ebit": "-90243",
        "ebitda": "-42583",
        "netIncome": "-90243"
      },
      {
        "fiscalDateEnding": "2022-03-31",
        "reportedCurrency": "None",
        "grossProfit": "8457441",
        "totalRevenue": "9877397",
        "costOfRevenue": "1419956",
        "costofGoodsAndServicesSold": "1419956",
        "operatingIncome": "7127605",
        "sellingGeneralAndAdministrative": "641205",
        "researchAndDevelopment": "None",
        "operatingExpenses": "1329836",
        "investmentIncomeNet": "None",
        "netInterestIncome": "None",
        "interestIncome": "None",
        "interestExpense": "393",
        "nonInterestIncome": "None",
        "otherNonOperatingIncome": "None",
        "depreciation": "None",
        "depreciationAndAmortization": "1043",
        "incomeBeforeTax": "7012813",
        "incomeTaxExpense": "None",
        "interestAndDebtExpense": "None",
        "netIncomeFromContinuingOperations": "None",
        "comprehensiveIncomeNetOfTax": "None",
        "ebit": "7012813",
        "ebitda": "7013856",
        "netIncome": "7012813"
      },
      {
        "fiscalDateEnding": "2021-12-31",
        "reportedCurrency": "None",
        "grossProfit": "-75167",
        "totalRevenue": "203404",
        "costOfRevenue": "278571",
        "costofGoodsAndServicesSold": "278571",
        "operatingIncome": "-151405",
        "sellingGeneralAndAdministrative": "75621",
        "researchAndDevelopment": "None",
        "operatingExpenses": "76238",
        "investmentIncomeNet": "None",
        "netInterestIncome": "None",
        "interestIncome": "None",
        "interestExpense": "None",
        "nonInterestIncome": "None",
        "otherNonOperatingIncome": "None",
        "depreciation": "None",
        "depreciationAndAmortization": "2123",
        "incomeBeforeTax": "-151405",
        "incomeTaxExpense": "None",
        "interestAndDebtExpense": "None",
        "netIncomeFromContinuingOperations": "None",
        "comprehensiveIncomeNetOfTax": "None",
        "ebit": "-35831",
        "ebitda": "-33708",
        "netIncome": "-3250"
      },
      {
        "fiscalDateEnding": "2021-09-30",
        "reportedCurrency": "None",
        "grossProfit": "176760",
        "totalRevenue": "321822",
        "costOfRevenue": "145062",
        "costofGoodsAndServicesSold": "145062",
        "operatingIncome": "17796",
        "sellingGeneralAndAdministrative": "76973",
        "researchAndDevelopment": "None",
        "operatingExpenses": "158964",
        "investmentIncomeNet": "None",
        "netInterestIncome": "None",
        "interestIncome": "None",
        "interestExpense": "None",
        "nonInterestIncome": "None",
        "otherNonOperatingIncome": "None",
        "depreciation": "None",
        "depreciationAndAmortization": "None",
        "incomeBeforeTax": "-145213",
        "incomeTaxExpense": "None",
        "interestAndDebtExpense": "None",
        "netIncomeFromContinuingOperations": "None",
        "comprehensiveIncomeNetOfTax": "None",
        "ebit": "None",
        "ebitda": "99787",
        "netIncome": "-145213"
      },
      {
        "fiscalDateEnding": "2021-06-30",
        "reportedCurrency": "None",
        "grossProfit": "181250",
        "totalRevenue": "337380",
        "costOfRevenue": "156130",
        "costofGoodsAndServicesSold": "156130",
        "operatingIncome": "141667",
        "sellingGeneralAndAdministrative": "39583",
        "researchAndDevelopment": "None",
        "operatingExpenses": "39583",
        "investmentIncomeNet": "None",
        "netInterestIncome": "None",
        "interestIncome": "None",
        "interestExpense": "None",
        "nonInterestIncome": "None",
        "otherNonOperatingIncome": "None",
        "depreciation": "None",
        "depreciationAndAmortization": "162",
        "incomeBeforeTax": "81504",
        "incomeTaxExpense": "None",
        "interestAndDebtExpense": "None",
        "netIncomeFromContinuingOperations": "None",
        "comprehensiveIncomeNetOfTax": "None",
        "ebit": "141504",
        "ebitda": "141666",
        "netIncome": "81504"
      },
      {
        "fiscalDateEnding": "2021-03-31",
        "reportedCurrency": "None",
        "grossProfit": "181250",
        "totalRevenue": "337380",
        "costOfRevenue": "156130",
        "costofGoodsAndServicesSold": "156130",
        "operatingIncome": "141666",
        "sellingGeneralAndAdministrative": "39584",
        "researchAndDevelopment": "None",
        "operatingExpenses": "39584",
        "investmentIncomeNet": "None",
        "netInterestIncome": "None",
        "interestIncome": "None",
        "interestExpense": "None",
        "nonInterestIncome": "None",
        "otherNonOperatingIncome": "None",
        "depreciation": "None",
        "depreciationAndAmortization": "162",
        "incomeBeforeTax": "81505",
        "incomeTaxExpense": "None",
        "interestAndDebtExpense": "None",
        "netIncomeFromContinuingOperations": "None",
        "comprehensiveIncomeNetOfTax": "None",
        "ebit": "141505",
        "ebitda": "141667",
        "netIncome": "81505"
      }
    ]
  }
}