{
  "ticker": "BENF",
  "balanceSheet": {
    "symbol": "BENF",
    "annualReports": [
      {
        "fiscalDateEnding": "2025-03-31",
        "reportedCurrency": "USD",
        "totalAssets": "354875000",
        "totalCurrentAssets": "46567000",
        "cashAndCashEquivalentsAtCarryingValue": "1346000",
        "cashAndShortTermInvestments": "1346000",
        "inventory": "None",
        "currentNetReceivables": "42854000",
        "totalNonCurrentAssets": "308308000",
        "propertyPlantEquipment": "None",
        "accumulatedDepreciationAmortizationPPE": "None",
        "intangibleAssets": "3100000",
        "intangibleAssetsExcludingGoodwill": "3100000",
        "goodwill": "9914000",
        "investments": "None",
        "longTermInvestments": "291371000",
        "shortTermInvestments": "None",
        "otherCurrentAssets": "2367000",
        "otherNonCurrentAssets": "None",
        "totalLiabilities": "299274000",
        "totalCurrentLiabilities": "177672000",
        "currentAccountsPayable": "55070000",
        "deferredRevenue": "None",
        "currentDebt": "None",
        "shortTermDebt": "None",
        "totalNonCurrentLiabilities": "121602000",
        "capitalLeaseObligations": "None",
        "longTermDebt": "117896000",
        "currentLongTermDebt": "None",
        "longTermDebtNoncurrent": "None",
        "shortLongTermDebtTotal": "117896000",
        "otherCurrentLiabilities": "122602000",
        "otherNonCurrentLiabilities": "1157000",
        "totalShareholderEquity": "-167001000",
        "treasuryStock": "None",
        "retainedEarnings": "-2008052000",
        "commonStock": "8000",
        "commonStockSharesOutstanding": "528865186"
      },
      {
        "fiscalDateEnding": "2024-03-31",
        "reportedCurrency": "USD",
        "totalAssets": "368501000",
        "totalCurrentAssets": "17803000",
        "cashAndCashEquivalentsAtCarryingValue": "7913000",
        "cashAndShortTermInvestments": "7913000",
        "inventory": "-364447000",
        "currentNetReceivables": "5772000",
        "totalNonCurrentAssets": "350698000",
        "propertyPlantEquipment": "None",
        "accumulatedDepreciationAmortizationPPE": "None",
        "intangibleAssets": "3100000",
        "intangibleAssetsExcludingGoodwill": "3100000",
        "goodwill": "13606000",
        "investments": "None",
        "longTermInvestments": "329119000",
        "shortTermInvestments": "None",
        "otherCurrentAssets": "9890000",
        "otherNonCurrentAssets": "None",
        "totalLiabilities": "309567000",
        "totalCurrentLiabilities": "175400000",
        "currentAccountsPayable": "119457000",
        "deferredRevenue": "None",
        "currentDebt": "None",
        "shortTermDebt": "120505000",
        "totalNonCurrentLiabilities": "134167000",
        "capitalLeaseObligations": "None",
        "longTermDebt": "120505000",
        "currentLongTermDebt": "None",
        "longTermDebtNoncurrent": "None",
        "shortLongTermDebtTotal": "130245000",
        "otherCurrentLiabilities": "55943000",
        "otherNonCurrentLiabilities": "1027000",
        "totalShareholderEquity": "-234349000",
        "treasuryStock": "None",
        "retainedEarnings": "-2059214000",
        "commonStock": "3000",
        "commonStockSharesOutstanding": "3144107"
      },
      {
        "fiscalDateEnding": "2023-03-31",
        "reportedCurrency": "USD",
        "totalAssets": "368501000",
        "totalCurrentAssets": "17803000",
        "cashAndCashEquivalentsAtCarryingValue": "7913000",
        "cashAndShortTermInvestments": "7913000",
        "inventory": "29094000",
        "currentNetReceivables": "16401000",
        "totalNonCurrentAssets": "350698000",
        "propertyPlantEquipment": "None",
        "accumulatedDepreciationAmortizationPPE": "None",
        "intangibleAssets": "3100000",
        "intangibleAssetsExcludingGoodwill": "3100000",
        "goodwill": "13606000",
        "investments": "None",
        "longTermInvestments": "497221000",
        "shortTermInvestments": "None",
        "otherCurrentAssets": "9890000",
        "otherNonCurrentAssets": "None",
        "totalLiabilities": "309567000",
        "totalCurrentLiabilities": "175400000",
        "currentAccountsPayable": "119457000",
        "deferredRevenue": "None",
        "currentDebt": "None",
        "shortTermDebt": "151443000",
        "totalNonCurrentLiabilities": "134167000",
        "capitalLeaseObligations": "None",
        "longTermDebt": "52129000",
        "currentLongTermDebt": "None",
        "longTermDebtNoncurrent": "None",
        "shortLongTermDebtTotal": "130245000",
        "otherCurrentLiabilities": "55943000",
        "otherNonCurrentLiabilities": "1123000",
        "totalShareholderEquity": "-234349000",
        "treasuryStock": "None",
        "retainedEarnings": "-2059214000",
        "commonStock": "3000",
        "commonStockSharesOutstanding": "325378"
      },
      {
        "fiscalDateEnding": "2022-03-31",
        "reportedCurrency": "USD",
        "totalAssets": "2910695000",
        "totalCurrentAssets": "28275000",
        "cashAndCashEquivalentsAtCarryingValue": "8726000",
        "cashAndShortTermInvestments": "8726000",
        "inventory": "7339127",
        "currentNetReceivables": "6523000",
        "totalNonCurrentAssets": "2882420000",
        "propertyPlantEquipment": "7336000",
        "accumulatedDepreciationAmortizationPPE": "None",
        "intangibleAssets": "3100000",
        "intangibleAssetsExcludingGoodwill": "3100000",
        "goodwill": "2367926000",
        "investments": "None",
        "longTermInvestments": "674170000",
        "shortTermInvestments": "634033000",
        "otherCurrentAssets": "19549000",
        "otherNonCurrentAssets": "None",
        "totalLiabilities": "231789000",
        "totalCurrentLiabilities": "79223000",
        "currentAccountsPayable": "44824000",
        "deferredRevenue": "None",
        "currentDebt": "None",
        "shortTermDebt": "None",
        "totalNonCurrentLiabilities": "152566000",
        "capitalLeaseObligations": "None",
        "longTermDebt": "65674000",
        "currentLongTermDebt": "None",
        "longTermDebtNoncurrent": "None",
        "shortLongTermDebtTotal": "151443000",
        "otherCurrentLiabilities": "34399000",
        "otherNonCurrentLiabilities": "38740000",
        "totalShareholderEquity": "1586200000",
        "treasuryStock": "None",
        "retainedEarnings": "-15155469",
        "commonStock": "2000",
        "commonStockSharesOutstanding": "704092"
      },
      {
        "fiscalDateEnding": "2021-03-31",
        "reportedCurrency": "USD",
        "totalAssets": "3141008000",
        "totalCurrentAssets": "84973000",
        "cashAndCashEquivalentsAtCarryingValue": "70588000",
        "cashAndShortTermInvestments": "70588000",
        "inventory": "8376247",
        "currentNetReceivables": "7017000",
        "totalNonCurrentAssets": "3056035000",
        "propertyPlantEquipment": "4576000",
        "accumulatedDepreciationAmortizationPPE": "None",
        "intangibleAssets": "3285000",
        "intangibleAssetsExcludingGoodwill": "3285000",
        "goodwill": "2367750000",
        "investments": "None",
        "longTermInvestments": "409936000",
        "shortTermInvestments": "None",
        "otherCurrentAssets": "14385000",
        "otherNonCurrentAssets": "None",
        "totalLiabilities": "241434000",
        "totalCurrentLiabilities": "47211000",
        "currentAccountsPayable": "33531999",
        "deferredRevenue": "None",
        "currentDebt": "None",
        "shortTermDebt": "None",
        "totalNonCurrentLiabilities": "194223000",
        "capitalLeaseObligations": "None",
        "longTermDebt": "180079000",
        "currentLongTermDebt": "None",
        "longTermDebtNoncurrent": "None",
        "shortLongTermDebtTotal": "171591000",
        "otherCurrentLiabilities": "13679000",
        "otherNonCurrentLiabilities": "19204000",
        "totalShareholderEquity": "1435588000",
        "treasuryStock": "None",
        "retainedEarnings": "-1497",
        "commonStock": "718568000",
        "commonStockSharesOutstanding": "572596"
      },
      {
        "fiscalDateEnding": "2020-03-31",
        "reportedCurrency": "None",
        "totalAssets": "2816323000",
        "totalCurrentAssets": "28007000",
        "cashAndCashEquivalentsAtCarryingValue": "12492000",
        "cashAndShortTermInvestments": "12492000",
        "inventory": "None",
        "currentNetReceivables": "29168000",
        "totalNonCurrentAssets": "2788316000",
        "propertyPlantEquipment": "None",
        "accumulatedDepreciationAmortizationPPE": "None",
        "intangibleAssets": "3449000",
        "intangibleAssetsExcludingGoodwill": "3449000",
        "goodwill": "2367750000",
        "investments": "None",
        "longTermInvestments": "None",
        "shortTermInvestments": "None",
        "otherCurrentAssets": "15515000",
        "otherNonCurrentAssets": "None",
        "totalLiabilities": "282840000",
        "totalCurrentLiabilities": "25134000",
        "currentAccountsPayable": "17837000",
        "deferredRevenue": "None",
        "currentDebt": "None",
        "shortTermDebt": "None",
        "totalNonCurrentLiabilities": "257706000",
        "capitalLeaseObligations": "None",
        "longTermDebt": "None",
        "currentLongTermDebt": "None",
        "longTermDebtNoncurrent": "None",
        "shortLongTermDebtTotal": "256339000",
        "otherCurrentLiabilities": "7297000",
        "otherNonCurrentLiabilities": "None",
        "totalShareholderEquity": "621504000",
        "treasuryStock": "None",
        "retainedEarnings": "None",
        "commonStock": "624948000",
        "commonStockSharesOutstanding": "572596"
      },
      {
        "fiscalDateEnding": "2019-03-31",
        "reportedCurrency": "None",
        "totalAssets": "2679120000",
        "totalCurrentAssets": "279063000",
        "cashAndCashEquivalentsAtCarryingValue": "17551000",
        "cashAndShortTermInvestments": "17551000",
        "inventory": "None",
        "currentNetReceivables": "29168000",
        "totalNonCurrentAssets": "2400057000",
        "propertyPlantEquipment": "None",
        "accumulatedDepreciationAmortizationPPE": "None",
        "intangibleAssets": "4825000",
        "intangibleAssetsExcludingGoodwill": "4825000",
        "goodwill": "2358005000",
        "investments": "None",
        "longTermInvestments": "None",
        "shortTermInvestments": "None",
        "otherCurrentAssets": "232344000",
        "otherNonCurrentAssets": "None",
        "totalLiabilities": "441085000",
        "totalCurrentLiabilities": "19297000",
        "currentAccountsPayable": "13713000",
        "deferredRevenue": "None",
        "currentDebt": "None",
        "shortTermDebt": "576000",
        "totalNonCurrentLiabilities": "421788000",
        "capitalLeaseObligations": "None",
        "longTermDebt": "None",
        "currentLongTermDebt": "None",
        "longTermDebtNoncurrent": "None",
        "shortLongTermDebtTotal": "322380000",
        "otherCurrentLiabilities": "5008000",
        "otherNonCurrentLiabilities": "None",
        "totalShareholderEquity": "563965999",
        "treasuryStock": "None",
        "retainedEarnings": "-99712000",
        "commonStock": "563966000",
        "commonStockSharesOutstanding": "45031919"
      },
      {
        "fiscalDateEnding": "2018-03-31",
        "reportedCurrency": "None",
        "totalAssets": "2083145000",
        "totalCurrentAssets": "41103000",
        "cashAndCashEquivalentsAtCarryingValue": "3542000",
        "cashAndShortTermInvestments": "3542000",
        "inventory": "1",
        "currentNetReceivables": "23778000",
        "totalNonCurrentAssets": "2042042000",
        "propertyPlantEquipment": "None",
        "accumulatedDepreciationAmortizationPPE": "None",
        "intangibleAssets": "None",
        "intangibleAssetsExcludingGoodwill": "None",
        "goodwill": "1530961000",
        "investments": "None",
        "longTermInvestments": "None",
        "shortTermInvestments": "None",
        "otherCurrentAssets": "13783000",
        "otherNonCurrentAssets": "None",
        "totalLiabilities": "690861000",
        "totalCurrentLiabilities": "28494000",
        "currentAccountsPayable": "24215000",
        "deferredRevenue": "None",
        "currentDebt": "None",
        "shortTermDebt": "None",
        "totalNonCurrentLiabilities": "662367000",
        "capitalLeaseObligations": "None",
        "longTermDebt": "None",
        "currentLongTermDebt": "None",
        "longTermDebtNoncurrent": "None",
        "shortLongTermDebtTotal": "378124000",
        "otherCurrentLiabilities": "4279000",
        "otherNonCurrentLiabilities": "None",
        "totalShareholderEquity": "320460000",
        "treasuryStock": "None",
        "retainedEarnings": "-99712000",
        "commonStock": "420172000",
        "commonStockSharesOutstanding": "50240428"
      }
    ],
    "quarterlyReports": [
      {
        "fiscalDateEnding": "2025-09-30",
        "reportedCurrency": "USD",
        "totalAssets": "316233000",
        "totalCurrentAssets": "4902000",
        "cashAndCashEquivalentsAtCarryingValue": "4902000",
        "cashAndShortTermInvestments": "4902000",
        "inventory": "None",
        "currentNetReceivables": "None",
        "totalNonCurrentAssets": "311331000",
        "propertyPlantEquipment": "None",
        "accumulatedDepreciationAmortizationPPE": "None",
        "intangibleAssets": "3100000",
        "intangibleAssetsExcludingGoodwill": "3100000",
        "goodwill": "9914000",
        "investments": "None",
        "longTermInvestments": "242201000",
        "shortTermInvestments": "1777000",
        "otherCurrentAssets": "-1777000",
        "otherNonCurrentAssets": "None",
        "totalLiabilities": "368534000",
        "totalCurrentLiabilities": "258348000",
        "currentAccountsPayable": "124248000",
        "deferredRevenue": "None",
        "currentDebt": "None",
        "shortTermDebt": "103960000",
        "totalNonCurrentLiabilities": "110186000",
        "capitalLeaseObligations": "None",
        "longTermDebt": "103960000",
        "currentLongTermDebt": "None",
        "longTermDebtNoncurrent": "None",
        "shortLongTermDebtTotal": "103960000",
        "otherCurrentLiabilities": "30140000",
        "otherNonCurrentLiabilities": "29861000",
        "totalShareholderEquity": "-222889000",
        "treasuryStock": "None",
        "retainedEarnings": "-2076757000",
        "commonStock": "9000",
        "commonStockSharesOutstanding": "1210546"
      },
      {
        "fiscalDateEnding": "2025-06-30",
        "reportedCurrency": "None",
        "totalAssets": "354875000",
        "totalCurrentAssets": "46567000",
        "cashAndCashEquivalentsAtCarryingValue": "1346000",
        "cashAndShortTermInvestments": "1346000",
        "inventory": "None",
        "currentNetReceivables": "42854000",
        "totalNonCurrentAssets": "308308000",
        "propertyPlantEquipment": "None",
        "accumulatedDepreciationAmortizationPPE": "None",
        "intangibleAssets": "3100000",
        "intangibleAssetsExcludingGoodwill": "3100000",
        "goodwill": "9914000",
        "investments": "None",
        "longTermInvestments": "None",
        "shortTermInvestments": "None",
        "otherCurrentAssets": "2367000",
        "otherNonCurrentAssets": "None",
        "totalLiabilities": "299274000",
        "totalCurrentLiabilities": "177672000",
        "currentAccountsPayable": "55070000",
        "deferredRevenue": "None",
        "currentDebt": "None",
        "shortTermDebt": "None",
        "totalNonCurrentLiabilities": "121602000",
        "capitalLeaseObligations": "None",
        "longTermDebt": "None",
        "currentLongTermDebt": "None",
        "longTermDebtNoncurrent": "None",
        "shortLongTermDebtTotal": "117896000",
        "otherCurrentLiabilities": "122602000",
        "otherNonCurrentLiabilities": "None",
        "totalShareholderEquity": "-167001000",
        "treasuryStock": "None",
        "retainedEarnings": "-2008052000",
        "commonStock": "8000",
        "commonStockSharesOutstanding": "8580926"
      },
      {
        "fiscalDateEnding": "2025-03-31",
        "reportedCurrency": "USD",
        "totalAssets": "354875000",
        "totalCurrentAssets": "46567000",
        "cashAndCashEquivalentsAtCarryingValue": "1346000",
        "cashAndShortTermInvestments": "1346000",
        "inventory": "None",
        "currentNetReceivables": "None",
        "totalNonCurrentAssets": "308308000",
        "propertyPlantEquipment": "None",
        "accumulatedDepreciationAmortizationPPE": "None",
        "intangibleAssets": "3100000",
        "intangibleAssetsExcludingGoodwill": "3100000",
        "goodwill": "9914000",
        "investments": "None",
        "longTermInvestments": "291371000",
        "shortTermInvestments": "None",
        "otherCurrentAssets": "None",
        "otherNonCurrentAssets": "None",
        "totalLiabilities": "299274000",
        "totalCurrentLiabilities": "177672000",
        "currentAccountsPayable": "156770000",
        "deferredRevenue": "None",
        "currentDebt": "None",
        "shortTermDebt": "None",
        "totalNonCurrentLiabilities": "121602000",
        "capitalLeaseObligations": "None",
        "longTermDebt": "117896000",
        "currentLongTermDebt": "None",
        "longTermDebtNoncurrent": "None",
        "shortLongTermDebtTotal": "None",
        "otherCurrentLiabilities": "None",
        "otherNonCurrentLiabilities": "1157000",
        "totalShareholderEquity": "-167001000",
        "treasuryStock": "None",
        "retainedEarnings": "-2008052000",
        "commonStock": "None",
        "commonStockSharesOutstanding": "8713257"
      },
      {
        "fiscalDateEnding": "2024-12-31",
        "reportedCurrency": "USD",
        "totalAssets": "400012000",
        "totalCurrentAssets": "4201000",
        "cashAndCashEquivalentsAtCarryingValue": "4149000",
        "cashAndShortTermInvestments": "4149000",
        "inventory": "None",
        "currentNetReceivables": "None",
        "totalNonCurrentAssets": "395811000",
        "propertyPlantEquipment": "None",
        "accumulatedDepreciationAmortizationPPE": "None",
        "intangibleAssets": "3100000",
        "intangibleAssetsExcludingGoodwill": "3100000",
        "goodwill": "9914000",
        "investments": "None",
        "longTermInvestments": "26905000",
        "shortTermInvestments": "302907000",
        "otherCurrentAssets": "52000",
        "otherNonCurrentAssets": "None",
        "totalLiabilities": "295226000",
        "totalCurrentLiabilities": "149204000",
        "currentAccountsPayable": "98304000",
        "deferredRevenue": "None",
        "currentDebt": "None",
        "shortTermDebt": "None",
        "totalNonCurrentLiabilities": "146022000",
        "capitalLeaseObligations": "None",
        "longTermDebt": "122941000",
        "currentLongTermDebt": "None",
        "longTermDebtNoncurrent": "None",
        "shortLongTermDebtTotal": "122941000",
        "otherCurrentLiabilities": "50900000",
        "otherNonCurrentLiabilities": "5635000",
        "totalShareholderEquity": "-166636000",
        "treasuryStock": "None",
        "retainedEarnings": "-2007272000",
        "commonStock": "8000",
        "commonStockSharesOutstanding": "6544697"
      },
      {
        "fiscalDateEnding": "2024-09-30",
        "reportedCurrency": "USD",
        "totalAssets": "368788000",
        "totalCurrentAssets": "4796000",
        "cashAndCashEquivalentsAtCarryingValue": "4482000",
        "cashAndShortTermInvestments": "4482000",
        "inventory": "None",
        "currentNetReceivables": "None",
        "totalNonCurrentAssets": "363992000",
        "propertyPlantEquipment": "None",
        "accumulatedDepreciationAmortizationPPE": "None",
        "intangibleAssets": "3100000",
        "intangibleAssetsExcludingGoodwill": "3100000",
        "goodwill": "9914000",
        "investments": "None",
        "longTermInvestments": "26745000",
        "shortTermInvestments": "303357000",
        "otherCurrentAssets": "314000",
        "otherNonCurrentAssets": "None",
        "totalLiabilities": "256453999",
        "totalCurrentLiabilities": "112494000",
        "currentAccountsPayable": "66093999",
        "deferredRevenue": "None",
        "currentDebt": "None",
        "shortTermDebt": "None",
        "totalNonCurrentLiabilities": "143959999",
        "capitalLeaseObligations": "None",
        "longTermDebt": "124053000",
        "currentLongTermDebt": "None",
        "longTermDebtNoncurrent": "None",
        "shortLongTermDebtTotal": "124053000",
        "otherCurrentLiabilities": "46400000",
        "otherNonCurrentLiabilities": "19123000",
        "totalShareholderEquity": "-165298999",
        "treasuryStock": "None",
        "retainedEarnings": "-1998633000",
        "commonStock": "5000",
        "commonStockSharesOutstanding": "4361694"
      },
      {
        "fiscalDateEnding": "2024-06-30",
        "reportedCurrency": "USD",
        "totalAssets": "361304000",
        "totalCurrentAssets": "4713000",
        "cashAndCashEquivalentsAtCarryingValue": "4399000",
        "cashAndShortTermInvestments": "4399000",
        "inventory": "None",
        "currentNetReceivables": "5772000",
        "totalNonCurrentAssets": "356591000",
        "propertyPlantEquipment": "None",
        "accumulatedDepreciationAmortizationPPE": "None",
        "intangibleAssets": "3100000",
        "intangibleAssetsExcludingGoodwill": "3100000",
        "goodwill": "10212000",
        "investments": "None",
        "longTermInvestments": "26920000",
        "shortTermInvestments": "300307000",
        "otherCurrentAssets": "314000",
        "otherNonCurrentAssets": "None",
        "totalLiabilities": "258542000",
        "totalCurrentLiabilities": "103012000",
        "currentAccountsPayable": "61012000",
        "deferredRevenue": "None",
        "currentDebt": "None",
        "shortTermDebt": "None",
        "totalNonCurrentLiabilities": "155530000",
        "capitalLeaseObligations": "None",
        "longTermDebt": "120554000",
        "currentLongTermDebt": "None",
        "longTermDebtNoncurrent": "None",
        "shortLongTermDebtTotal": "120554000",
        "otherCurrentLiabilities": "42000000",
        "otherNonCurrentLiabilities": "34796000",
        "totalShareholderEquity": "-182583000",
        "treasuryStock": "None",
        "retainedEarnings": "-2011547000",
        "commonStock": "4000",
        "commonStockSharesOutstanding": "270046932"
      },
      {
        "fiscalDateEnding": "2024-03-31",
        "reportedCurrency": "USD",
        "totalAssets": "368501000",
        "totalCurrentAssets": "17803000",
        "cashAndCashEquivalentsAtCarryingValue": "7913000",
        "cashAndShortTermInvestments": "7913000",
        "inventory": "None",
        "currentNetReceivables": "None",
        "totalNonCurrentAssets": "350698000",
        "propertyPlantEquipment": "None",
        "accumulatedDepreciationAmortizationPPE": "None",
        "intangibleAssets": "3100000",
        "intangibleAssetsExcludingGoodwill": "3100000",
        "goodwill": "13606000",
        "investments": "None",
        "longTermInvestments": "329119000",
        "shortTermInvestments": "None",
        "otherCurrentAssets": "None",
        "otherNonCurrentAssets": "None",
        "totalLiabilities": "309567000",
        "totalCurrentLiabilities": "185140000",
        "currentAccountsPayable": "157157000",
        "deferredRevenue": "None",
        "currentDebt": "None",
        "shortTermDebt": "None",
        "totalNonCurrentLiabilities": "124427000",
        "capitalLeaseObligations": "None",
        "longTermDebt": "120505000",
        "currentLongTermDebt": "None",
        "longTermDebtNoncurrent": "None",
        "shortLongTermDebtTotal": "None",
        "otherCurrentLiabilities": "178000",
        "otherNonCurrentLiabilities": "1027000",
        "totalShareholderEquity": "-234349000",
        "treasuryStock": "None",
        "retainedEarnings": "-2059214000",
        "commonStock": "None",
        "commonStockSharesOutstanding": "3578256"
      },
      {
        "fiscalDateEnding": "2023-12-31",
        "reportedCurrency": "USD",
        "totalAssets": "368788000",
        "totalCurrentAssets": "4796000",
        "cashAndCashEquivalentsAtCarryingValue": "4482000",
        "cashAndShortTermInvestments": "4482000",
        "inventory": "None",
        "currentNetReceivables": "None",
        "totalNonCurrentAssets": "363992000",
        "propertyPlantEquipment": "None",
        "accumulatedDepreciationAmortizationPPE": "None",
        "intangibleAssets": "3100000",
        "intangibleAssetsExcludingGoodwill": "3100000",
        "goodwill": "9914000",
        "investments": "None",
        "longTermInvestments": "378420000",
        "shortTermInvestments": "378382000",
        "otherCurrentAssets": "314000",
        "otherNonCurrentAssets": "None",
        "totalLiabilities": "256453999",
        "totalCurrentLiabilities": "112494000",
        "currentAccountsPayable": "66093999",
        "deferredRevenue": "None",
        "currentDebt": "None",
        "shortTermDebt": "None",
        "totalNonCurrentLiabilities": "143959999",
        "capitalLeaseObligations": "None",
        "longTermDebt": "None",
        "currentLongTermDebt": "None",
        "longTermDebtNoncurrent": "None",
        "shortLongTermDebtTotal": "124053000",
        "otherCurrentLiabilities": "46400000",
        "otherNonCurrentLiabilities": "20986000",
        "totalShareholderEquity": "-165298999",
        "treasuryStock": "None",
        "retainedEarnings": "-1998633000",
        "commonStock": "5000",
        "commonStockSharesOutstanding": "3425794"
      },
      {
        "fiscalDateEnding": "2023-09-30",
        "reportedCurrency": "USD",
        "totalAssets": "361304000",
        "totalCurrentAssets": "4713000",
        "cashAndCashEquivalentsAtCarryingValue": "4399000",
        "cashAndShortTermInvestments": "4399000",
        "inventory": "None",
        "currentNetReceivables": "None",
        "totalNonCurrentAssets": "356591000",
        "propertyPlantEquipment": "None",
        "accumulatedDepreciationAmortizationPPE": "None",
        "intangibleAssets": "3100000",
        "intangibleAssetsExcludingGoodwill": "3100000",
        "goodwill": "10212000",
        "investments": "None",
        "longTermInvestments": "457771000",
        "shortTermInvestments": "366409000",
        "otherCurrentAssets": "314000",
        "otherNonCurrentAssets": "None",
        "totalLiabilities": "258542000",
        "totalCurrentLiabilities": "103012000",
        "currentAccountsPayable": "61012000",
        "deferredRevenue": "None",
        "currentDebt": "None",
        "shortTermDebt": "None",
        "totalNonCurrentLiabilities": "155530000",
        "capitalLeaseObligations": "None",
        "longTermDebt": "48660000",
        "currentLongTermDebt": "None",
        "longTermDebtNoncurrent": "None",
        "shortLongTermDebtTotal": "120554000",
        "otherCurrentLiabilities": "42000000",
        "otherNonCurrentLiabilities": "16979000",
        "totalShareholderEquity": "-182583000",
        "treasuryStock": "None",
        "retainedEarnings": "-2011547000",
        "commonStock": "4000",
        "commonStockSharesOutstanding": "3211023"
      },
      {
        "fiscalDateEnding": "2023-06-30",
        "reportedCurrency": "USD",
        "totalAssets": "368501000",
        "totalCurrentAssets": "17803000",
        "cashAndCashEquivalentsAtCarryingValue": "7913000",
        "cashAndShortTermInvestments": "7913000",
        "inventory": "-16401000",
        "currentNetReceivables": "16401000",
        "totalNonCurrentAssets": "350698000",
        "propertyPlantEquipment": "None",
        "accumulatedDepreciationAmortizationPPE": "None",
        "intangibleAssets": "3100000",
        "intangibleAssetsExcludingGoodwill": "3100000",
        "goodwill": "13606000",
        "investments": "None",
        "longTermInvestments": "489290000",
        "shortTermInvestments": "None",
        "otherCurrentAssets": "9890000",
        "otherNonCurrentAssets": "None",
        "totalLiabilities": "309567000",
        "totalCurrentLiabilities": "175400000",
        "currentAccountsPayable": "119457000",
        "deferredRevenue": "None",
        "currentDebt": "None",
        "shortTermDebt": "None",
        "totalNonCurrentLiabilities": "134167000",
        "capitalLeaseObligations": "None",
        "longTermDebt": "49529000",
        "currentLongTermDebt": "None",
        "longTermDebtNoncurrent": "None",
        "shortLongTermDebtTotal": "130245000",
        "otherCurrentLiabilities": "55943000",
        "otherNonCurrentLiabilities": "19722000",
        "totalShareholderEquity": "-234349000",
        "treasuryStock": "None",
        "retainedEarnings": "-2059214000",
        "commonStock": "3000",
        "commonStockSharesOutstanding": "184160036"
      },
      {
        "fiscalDateEnding": "2023-03-31",
        "reportedCurrency": "USD",
        "totalAssets": "2910695000",
        "totalCurrentAssets": "28275000",
        "cashAndCashEquivalentsAtCarryingValue": "8726000",
        "cashAndShortTermInvestments": "8726000",
        "inventory": "None",
        "currentNetReceivables": "16401000",
        "totalNonCurrentAssets": "2882420000",
        "propertyPlantEquipment": "None",
        "accumulatedDepreciationAmortizationPPE": "None",
        "intangibleAssets": "3587000",
        "intangibleAssetsExcludingGoodwill": "3587000",
        "goodwill": "2367926000",
        "investments": "None",
        "longTermInvestments": "489290000",
        "shortTermInvestments": "None",
        "otherCurrentAssets": "-3878000",
        "otherNonCurrentAssets": "None",
        "totalLiabilities": "1018148000",
        "totalCurrentLiabilities": "112813000",
        "currentAccountsPayable": "65724000",
        "deferredRevenue": "None",
        "currentDebt": "None",
        "shortTermDebt": "None",
        "totalNonCurrentLiabilities": "905335000",
        "capitalLeaseObligations": "None",
        "longTermDebt": "49529000",
        "currentLongTermDebt": "None",
        "longTermDebtNoncurrent": "None",
        "shortLongTermDebtTotal": "52129000",
        "otherCurrentLiabilities": "47089000",
        "otherNonCurrentLiabilities": "19722000",
        "totalShareholderEquity": "1930712000",
        "treasuryStock": "None",
        "retainedEarnings": "-1079091000",
        "commonStock": "599524000",
        "commonStockSharesOutstanding": "207814733"
      },
      {
        "fiscalDateEnding": "2022-12-31",
        "reportedCurrency": "USD",
        "totalAssets": "1457005000",
        "totalCurrentAssets": "2414000",
        "cashAndCashEquivalentsAtCarryingValue": "2394000",
        "cashAndShortTermInvestments": "2394000",
        "inventory": "None",
        "currentNetReceivables": "None",
        "totalNonCurrentAssets": "1454591000",
        "propertyPlantEquipment": "None",
        "accumulatedDepreciationAmortizationPPE": "None",
        "intangibleAssets": "3100000",
        "intangibleAssetsExcludingGoodwill": "3100000",
        "goodwill": "964937000",
        "investments": "None",
        "longTermInvestments": "542487000",
        "shortTermInvestments": "None",
        "otherCurrentAssets": "20000",
        "otherNonCurrentAssets": "None",
        "totalLiabilities": "273694000",
        "totalCurrentLiabilities": "104958000",
        "currentAccountsPayable": "75858000",
        "deferredRevenue": "None",
        "currentDebt": "None",
        "shortTermDebt": "None",
        "totalNonCurrentLiabilities": "168736000",
        "capitalLeaseObligations": "None",
        "longTermDebt": "55954000",
        "currentLongTermDebt": "None",
        "longTermDebtNoncurrent": "None",
        "shortLongTermDebtTotal": "150801000",
        "otherCurrentLiabilities": "29081000",
        "otherNonCurrentLiabilities": "13481000",
        "totalShareholderEquity": "368622999",
        "treasuryStock": "None",
        "retainedEarnings": "-1450826000",
        "commonStock": "262000",
        "commonStockSharesOutstanding": "2491484"
      },
      {
        "fiscalDateEnding": "2022-09-30",
        "reportedCurrency": "USD",
        "totalAssets": "1795863000",
        "totalCurrentAssets": "3878000",
        "cashAndCashEquivalentsAtCarryingValue": "3057000",
        "cashAndShortTermInvestments": "3057000",
        "inventory": "None",
        "currentNetReceivables": "None",
        "totalNonCurrentAssets": "1791985000",
        "propertyPlantEquipment": "None",
        "accumulatedDepreciationAmortizationPPE": "None",
        "intangibleAssets": "3100000",
        "intangibleAssetsExcludingGoodwill": "3100000",
        "goodwill": "1271621000",
        "investments": "None",
        "longTermInvestments": "542487000",
        "shortTermInvestments": "None",
        "otherCurrentAssets": "821000",
        "otherNonCurrentAssets": "None",
        "totalLiabilities": "263864000",
        "totalCurrentLiabilities": "93413000",
        "currentAccountsPayable": "68413000",
        "deferredRevenue": "None",
        "currentDebt": "None",
        "shortTermDebt": "None",
        "totalNonCurrentLiabilities": "170451000",
        "capitalLeaseObligations": "None",
        "longTermDebt": "55954000",
        "currentLongTermDebt": "None",
        "longTermDebtNoncurrent": "None",
        "shortLongTermDebtTotal": "149601000",
        "otherCurrentLiabilities": "24842000",
        "otherNonCurrentLiabilities": "67298000",
        "totalShareholderEquity": "494866999",
        "treasuryStock": "None",
        "retainedEarnings": "-1079091000",
        "commonStock": "209000",
        "commonStockSharesOutstanding": "2491484"
      },
      {
        "fiscalDateEnding": "2022-06-30",
        "reportedCurrency": "USD",
        "totalAssets": "2910695000",
        "totalCurrentAssets": "28275000",
        "cashAndCashEquivalentsAtCarryingValue": "8726000",
        "cashAndShortTermInvestments": "8726000",
        "inventory": "None",
        "currentNetReceivables": "None",
        "totalNonCurrentAssets": "2882420000",
        "propertyPlantEquipment": "None",
        "accumulatedDepreciationAmortizationPPE": "None",
        "intangibleAssets": "3100000",
        "intangibleAssetsExcludingGoodwill": "3100000",
        "goodwill": "2367926000",
        "investments": "None",
        "longTermInvestments": "580150000",
        "shortTermInvestments": "141176000",
        "otherCurrentAssets": "19549000",
        "otherNonCurrentAssets": "None",
        "totalLiabilities": "231789000",
        "totalCurrentLiabilities": "79223000",
        "currentAccountsPayable": "44824000",
        "deferredRevenue": "None",
        "currentDebt": "None",
        "shortTermDebt": "None",
        "totalNonCurrentLiabilities": "152566000",
        "capitalLeaseObligations": "None",
        "longTermDebt": "60076000",
        "currentLongTermDebt": "None",
        "longTermDebtNoncurrent": "None",
        "shortLongTermDebtTotal": "151443000",
        "otherCurrentLiabilities": "34399000",
        "otherNonCurrentLiabilities": "57723000",
        "totalShareholderEquity": "1586200000",
        "treasuryStock": "None",
        "retainedEarnings": "-8280366",
        "commonStock": "2000",
        "commonStockSharesOutstanding": "2491484"
      },
      {
        "fiscalDateEnding": "2022-03-31",
        "reportedCurrency": "None",
        "totalAssets": "2910695000",
        "totalCurrentAssets": "28275000",
        "cashAndCashEquivalentsAtCarryingValue": "8726000",
        "cashAndShortTermInvestments": "8726000",
        "inventory": "8592120",
        "currentNetReceivables": "4513000",
        "totalNonCurrentAssets": "2882420000",
        "propertyPlantEquipment": "None",
        "accumulatedDepreciationAmortizationPPE": "None",
        "intangibleAssets": "3100000",
        "intangibleAssetsExcludingGoodwill": "3100000",
        "goodwill": "2367926000",
        "investments": "None",
        "longTermInvestments": "None",
        "shortTermInvestments": "None",
        "otherCurrentAssets": "19549000",
        "otherNonCurrentAssets": "None",
        "totalLiabilities": "231789000",
        "totalCurrentLiabilities": "79223000",
        "currentAccountsPayable": "44824000",
        "deferredRevenue": "None",
        "currentDebt": "None",
        "shortTermDebt": "None",
        "totalNonCurrentLiabilities": "152566000",
        "capitalLeaseObligations": "None",
        "longTermDebt": "None",
        "currentLongTermDebt": "None",
        "longTermDebtNoncurrent": "None",
        "shortLongTermDebtTotal": "151443000",
        "otherCurrentLiabilities": "34399000",
        "otherNonCurrentLiabilities": "None",
        "totalShareholderEquity": "1586200000",
        "treasuryStock": "None",
        "retainedEarnings": "-11504115",
        "commonStock": "2000",
        "commonStockSharesOutstanding": "842980"
      },
      {
        "fiscalDateEnding": "2021-12-31",
        "reportedCurrency": "USD",
        "totalAssets": "2996074000",
        "totalCurrentAssets": "21685000",
        "cashAndCashEquivalentsAtCarryingValue": "18005000",
        "cashAndShortTermInvestments": "18005000",
        "inventory": "None",
        "currentNetReceivables": "4513000",
        "totalNonCurrentAssets": "2974389000",
        "propertyPlantEquipment": "None",
        "accumulatedDepreciationAmortizationPPE": "None",
        "intangibleAssets": "3100000",
        "intangibleAssetsExcludingGoodwill": "3100000",
        "goodwill": "2367926000",
        "investments": "None",
        "longTermInvestments": "674170000",
        "shortTermInvestments": "None",
        "otherCurrentAssets": "3680000",
        "otherNonCurrentAssets": "None",
        "totalLiabilities": "220128000",
        "totalCurrentLiabilities": "42639000",
        "currentAccountsPayable": "42639000",
        "deferredRevenue": "None",
        "currentDebt": "None",
        "shortTermDebt": "None",
        "totalNonCurrentLiabilities": "177489000",
        "capitalLeaseObligations": "None",
        "longTermDebt": "65674000",
        "currentLongTermDebt": "None",
        "longTermDebtNoncurrent": "None",
        "shortLongTermDebtTotal": "162405000",
        "otherCurrentLiabilities": "None",
        "otherNonCurrentLiabilities": "38740000",
        "totalShareholderEquity": "1439755000",
        "treasuryStock": "None",
        "retainedEarnings": "-15155469",
        "commonStock": "665577000",
        "commonStockSharesOutstanding": "767644"
      },
      {
        "fiscalDateEnding": "2021-09-30",
        "reportedCurrency": "None",
        "totalAssets": "399231",
        "totalCurrentAssets": "None",
        "cashAndCashEquivalentsAtCarryingValue": "70588000",
        "cashAndShortTermInvestments": "70588000",
        "inventory": "None",
        "currentNetReceivables": "None",
        "totalNonCurrentAssets": "None",
        "propertyPlantEquipment": "None",
        "accumulatedDepreciationAmortizationPPE": "None",
        "intangibleAssets": "None",
        "intangibleAssetsExcludingGoodwill": "None",
        "goodwill": "None",
        "investments": "None",
        "longTermInvestments": "None",
        "shortTermInvestments": "None",
        "otherCurrentAssets": "-70588000",
        "otherNonCurrentAssets": "None",
        "totalLiabilities": "-2899574000",
        "totalCurrentLiabilities": "377053",
        "currentAccountsPayable": "None",
        "deferredRevenue": "None",
        "currentDebt": "None",
        "shortTermDebt": "197000",
        "totalNonCurrentLiabilities": "-2899574000",
        "capitalLeaseObligations": "None",
        "longTermDebt": "None",
        "currentLongTermDebt": "None",
        "longTermDebtNoncurrent": "None",
        "shortLongTermDebtTotal": "197000",
        "otherCurrentLiabilities": "180053",
        "otherNonCurrentLiabilities": "None",
        "totalShareholderEquity": "2899574000",
        "treasuryStock": "None",
        "retainedEarnings": "-2822",
        "commonStock": "518",
        "commonStockSharesOutstanding": "602573"
      },
      {
        "fiscalDateEnding": "2021-06-30",
        "reportedCurrency": "None",
        "totalAssets": "3141008000",
        "totalCurrentAssets": "84973000",
        "cashAndCashEquivalentsAtCarryingValue": "70588000",
        "cashAndShortTermInvestments": "70588000",
        "inventory": "None",
        "currentNetReceivables": "None",
        "totalNonCurrentAssets": "3056035000",
        "propertyPlantEquipment": "None",
        "accumulatedDepreciationAmortizationPPE": "None",
        "intangibleAssets": "None",
        "intangibleAssetsExcludingGoodwill": "None",
        "goodwill": "2367750000",
        "investments": "None",
        "longTermInvestments": "None",
        "shortTermInvestments": "None",
        "otherCurrentAssets": "14385000",
        "otherNonCurrentAssets": "None",
        "totalLiabilities": "241434000",
        "totalCurrentLiabilities": "47211000",
        "currentAccountsPayable": "33531999",
        "deferredRevenue": "None",
        "currentDebt": "None",
        "shortTermDebt": "190000",
        "totalNonCurrentLiabilities": "194223000",
        "capitalLeaseObligations": "None",
        "longTermDebt": "None",
        "currentLongTermDebt": "None",
        "longTermDebtNoncurrent": "None",
        "shortLongTermDebtTotal": "171591000",
        "otherCurrentLiabilities": "13679000",
        "otherNonCurrentLiabilities": "None",
        "totalShareholderEquity": "1435588000",
        "treasuryStock": "None",
        "retainedEarnings": "-1947",
        "commonStock": "718568000",
        "commonStockSharesOutstanding": "602573"
      },
      {
        "fiscalDateEnding": "2021-03-31",
        "reportedCurrency": "None",
        "totalAssets": "372953",
        "totalCurrentAssets": "None",
        "cashAndCashEquivalentsAtCarryingValue": "3759",
        "cashAndShortTermInvestments": "3759",
        "inventory": "None",
        "currentNetReceivables": "None",
        "totalNonCurrentAssets": "None",
        "propertyPlantEquipment": "None",
        "accumulatedDepreciationAmortizationPPE": "None",
        "intangibleAssets": "None",
        "intangibleAssetsExcludingGoodwill": "None",
        "goodwill": "None",
        "investments": "None",
        "longTermInvestments": "None",
        "shortTermInvestments": "None",
        "otherCurrentAssets": "-3759",
        "otherNonCurrentAssets": "None",
        "totalLiabilities": "349900",
        "totalCurrentLiabilities": "349900",
        "currentAccountsPayable": "None",
        "deferredRevenue": "None",
        "currentDebt": "None",
        "shortTermDebt": "150000",
        "totalNonCurrentLiabilities": "199900",
        "capitalLeaseObligations": "None",
        "longTermDebt": "None",
        "currentLongTermDebt": "None",
        "longTermDebtNoncurrent": "None",
        "shortLongTermDebtTotal": "150000",
        "otherCurrentLiabilities": "199900",
        "otherNonCurrentLiabilities": "None",
        "totalShareholderEquity": "23053",
        "treasuryStock": "None",
        "retainedEarnings": "-1947",
        "commonStock": "575",
        "commonStockSharesOutstanding": "572596"
      },
      {
        "fiscalDateEnding": "2020-12-31",
        "reportedCurrency": "USD",
        "totalAssets": "121753",
        "totalCurrentAssets": "12500",
        "cashAndCashEquivalentsAtCarryingValue": "12500",
        "cashAndShortTermInvestments": "12500",
        "inventory": "None",
        "currentNetReceivables": "None",
        "totalNonCurrentAssets": "109253",
        "propertyPlantEquipment": "None",
        "accumulatedDepreciationAmortizationPPE": "None",
        "intangibleAssets": "None",
        "intangibleAssetsExcludingGoodwill": "None",
        "goodwill": "None",
        "investments": "None",
        "longTermInvestments": "None",
        "shortTermInvestments": "None",
        "otherCurrentAssets": "None",
        "otherNonCurrentAssets": "None",
        "totalLiabilities": "98250",
        "totalCurrentLiabilities": "98250",
        "currentAccountsPayable": "None",
        "deferredRevenue": "None",
        "currentDebt": "None",
        "shortTermDebt": "None",
        "totalNonCurrentLiabilities": "98250",
        "capitalLeaseObligations": "None",
        "longTermDebt": "None",
        "currentLongTermDebt": "None",
        "longTermDebtNoncurrent": "None",
        "shortLongTermDebtTotal": "None",
        "otherCurrentLiabilities": "98250",
        "otherNonCurrentLiabilities": "None",
        "totalShareholderEquity": "23503",
        "treasuryStock": "None",
        "retainedEarnings": "-1497",
        "commonStock": "575",
        "commonStockSharesOutstanding": "572596"
      },
      {
        "fiscalDateEnding": "2018-12-31",
        "reportedCurrency": "None",
        "totalAssets": "2083145930",
        "totalCurrentAssets": "41102998",
        "cashAndCashEquivalentsAtCarryingValue": "3541837",
        "cashAndShortTermInvestments": "3541837",
        "inventory": "1",
        "currentNetReceivables": "23778032",
        "totalNonCurrentAssets": "2042042932",
        "propertyPlantEquipment": "None",
        "accumulatedDepreciationAmortizationPPE": "None",
        "intangibleAssets": "4825157",
        "intangibleAssetsExcludingGoodwill": "4825157",
        "goodwill": "1530961352",
        "investments": "None",
        "longTermInvestments": "None",
        "shortTermInvestments": "None",
        "otherCurrentAssets": "13783129",
        "otherNonCurrentAssets": "None",
        "totalLiabilities": "690861278",
        "totalCurrentLiabilities": "28493825",
        "currentAccountsPayable": "24214564",
        "deferredRevenue": "None",
        "currentDebt": "None",
        "shortTermDebt": "None",
        "totalNonCurrentLiabilities": "662367453",
        "capitalLeaseObligations": "None",
        "longTermDebt": "None",
        "currentLongTermDebt": "None",
        "longTermDebtNoncurrent": "None",
        "shortLongTermDebtTotal": "378124050",
        "otherCurrentLiabilities": "4279261",
        "otherNonCurrentLiabilities": "None",
        "totalShareholderEquity": "320461444",
        "treasuryStock": "None",
        "retainedEarnings": "-99711468",
        "commonStock": "420172913",
        "commonStockSharesOutstanding": "45031919"
      },
      {
        "fiscalDateEnding": "2018-09-30",
        "reportedCurrency": "None",
        "totalAssets": "1982285474",
        "totalCurrentAssets": "464853949",
        "cashAndCashEquivalentsAtCarryingValue": "7458415",
        "cashAndShortTermInvestments": "7458415",
        "inventory": "None",
        "currentNetReceivables": "25666345",
        "totalNonCurrentAssets": "1517431525",
        "propertyPlantEquipment": "None",
        "accumulatedDepreciationAmortizationPPE": "None",
        "intangibleAssets": "945382584",
        "intangibleAssetsExcludingGoodwill": "945382584",
        "goodwill": "567497274",
        "investments": "None",
        "longTermInvestments": "None",
        "shortTermInvestments": "None",
        "otherCurrentAssets": "431729189",
        "otherNonCurrentAssets": "None",
        "totalLiabilities": "510878605",
        "totalCurrentLiabilities": "3738745",
        "currentAccountsPayable": "3738745",
        "deferredRevenue": "None",
        "currentDebt": "None",
        "shortTermDebt": "None",
        "totalNonCurrentLiabilities": "507139860",
        "capitalLeaseObligations": "None",
        "longTermDebt": "None",
        "currentLongTermDebt": "None",
        "longTermDebtNoncurrent": "None",
        "shortLongTermDebtTotal": "496692004",
        "otherCurrentLiabilities": "-3738745",
        "otherNonCurrentLiabilities": "None",
        "totalShareholderEquity": "234371603",
        "treasuryStock": "None",
        "retainedEarnings": "None",
        "commonStock": "234398652",
        "commonStockSharesOutstanding": "22941878"
      },
      {
        "fiscalDateEnding": "2018-06-30",
        "reportedCurrency": "None",
        "totalAssets": "2124020703",
        "totalCurrentAssets": "605146856",
        "cashAndCashEquivalentsAtCarryingValue": "7664356",
        "cashAndShortTermInvestments": "7664356",
        "inventory": "1",
        "currentNetReceivables": "21276867",
        "totalNonCurrentAssets": "1518873847",
        "propertyPlantEquipment": "None",
        "accumulatedDepreciationAmortizationPPE": "None",
        "intangibleAssets": "946970072",
        "intangibleAssetsExcludingGoodwill": "946970072",
        "goodwill": "567497274",
        "investments": "None",
        "longTermInvestments": "None",
        "shortTermInvestments": "None",
        "otherCurrentAssets": "576205633",
        "otherNonCurrentAssets": "None",
        "totalLiabilities": "140775456",
        "totalCurrentLiabilities": "2836101",
        "currentAccountsPayable": "2836101",
        "deferredRevenue": "None",
        "currentDebt": "None",
        "shortTermDebt": "None",
        "totalNonCurrentLiabilities": "137939355",
        "capitalLeaseObligations": "None",
        "longTermDebt": "None",
        "currentLongTermDebt": "None",
        "longTermDebtNoncurrent": "None",
        "shortLongTermDebtTotal": "127476009",
        "otherCurrentLiabilities": "-2836101",
        "otherNonCurrentLiabilities": "None",
        "totalShareholderEquity": "750160311",
        "treasuryStock": "None",
        "retainedEarnings": "None",
        "commonStock": "750187359",
        "commonStockSharesOutstanding": "None"
      },
      {
        "fiscalDateEnding": "2018-03-31",
        "reportedCurrency": "None",
        "totalAssets": "2083145930",
        "totalCurrentAssets": "41102998",
        "cashAndCashEquivalentsAtCarryingValue": "3541837",
        "cashAndShortTermInvestments": "3541837",
        "inventory": "1",
        "currentNetReceivables": "23778032",
        "totalNonCurrentAssets": "2042042932",
        "propertyPlantEquipment": "None",
        "accumulatedDepreciationAmortizationPPE": "None",
        "intangibleAssets": "946970072",
        "intangibleAssetsExcludingGoodwill": "946970072",
        "goodwill": "1530961352",
        "investments": "None",
        "longTermInvestments": "None",
        "shortTermInvestments": "None",
        "otherCurrentAssets": "13783129",
        "otherNonCurrentAssets": "None",
        "totalLiabilities": "690861278",
        "totalCurrentLiabilities": "28493825",
        "currentAccountsPayable": "24214564",
        "deferredRevenue": "None",
        "currentDebt": "None",
        "shortTermDebt": "None",
        "totalNonCurrentLiabilities": "662367453",
        "capitalLeaseObligations": "None",
        "longTermDebt": "None",
        "currentLongTermDebt": "None",
        "longTermDebtNoncurrent": "None",
        "shortLongTermDebtTotal": "378124050",
        "otherCurrentLiabilities": "4279261",
        "otherNonCurrentLiabilities": "None",
        "totalShareholderEquity": "320461444",
        "treasuryStock": "None",
        "retainedEarnings": "-99711468",
        "commonStock": "420172913",
        "commonStockSharesOutstanding": "None"
      },
      {
        "fiscalDateEnding": "2017-12-31",
        "reportedCurrency": "None",
        "totalAssets": "1982285474",
        "totalCurrentAssets": "464853949",
        "cashAndCashEquivalentsAtCarryingValue": "7458415",
        "cashAndShortTermInvestments": "7458415",
        "inventory": "1",
        "currentNetReceivables": "25666345",
        "totalNonCurrentAssets": "1517431525",
        "propertyPlantEquipment": "None",
        "accumulatedDepreciationAmortizationPPE": "None",
        "intangibleAssets": "None",
        "intangibleAssetsExcludingGoodwill": "None",
        "goodwill": "567497274",
        "investments": "None",
        "longTermInvestments": "None",
        "shortTermInvestments": "None",
        "otherCurrentAssets": "431729189",
        "otherNonCurrentAssets": "None",
        "totalLiabilities": "510878605",
        "totalCurrentLiabilities": "3738745",
        "currentAccountsPayable": "3738745",
        "deferredRevenue": "None",
        "currentDebt": "None",
        "shortTermDebt": "None",
        "totalNonCurrentLiabilities": "507139860",
        "capitalLeaseObligations": "None",
        "longTermDebt": "None",
        "currentLongTermDebt": "None",
        "longTermDebtNoncurrent": "None",
        "shortLongTermDebtTotal": "496692004",
        "otherCurrentLiabilities": "-4673095",
        "otherNonCurrentLiabilities": "None",
        "totalShareholderEquity": "234371603",
        "treasuryStock": "None",
        "retainedEarnings": "-26910710",
        "commonStock": "234398652",
        "commonStockSharesOutstanding": "50240428"
      }
    ]
  },
  "cashFlow": {
    "symbol": "BENF",
    "annualReports": [
      {
        "fiscalDateEnding": "2025-03-31",
        "reportedCurrency": "USD",
        "operatingCashflow": "-37703000",
        "paymentsForOperatingActivities": "None",
        "proceedsFromOperatingActivities": "None",
        "changeInOperatingLiabilities": "None",
        "changeInOperatingAssets": "None",
        "depreciationDepletionAndAmortization": "1695000",
        "capitalExpenditures": "1099000",
        "changeInReceivables": "None",
        "changeInInventory": "None",
        "profitLoss": "None",
        "cashflowFromInvestment": "28105000",
        "cashflowFromFinancing": "2967000",
        "proceedsFromRepaymentsOfShortTermDebt": "None",
        "paymentsForRepurchaseOfCommonStock": "None",
        "paymentsForRepurchaseOfEquity": "None",
        "paymentsForRepurchaseOfPreferredStock": "None",
        "dividendPayout": "None",
        "dividendPayoutCommonStock": "None",
        "dividendPayoutPreferredStock": "None",
        "proceedsFromIssuanceOfCommonStock": "None",
        "proceedsFromIssuanceOfLongTermDebtAndCapitalSecuritiesNet": "None",
        "proceedsFromIssuanceOfPreferredStock": "None",
        "proceedsFromRepurchaseOfEquity": "0",
        "proceedsFromSaleOfTreasuryStock": "None",
        "changeInCashAndCashEquivalents": "None",
        "changeInExchangeRate": "None",
        "netIncome": "-803000"
      },
      {
        "fiscalDateEnding": "2024-03-31",
        "reportedCurrency": "USD",
        "operatingCashflow": "-58216000",
        "paymentsForOperatingActivities": "None",
        "proceedsFromOperatingActivities": "None",
        "changeInOperatingLiabilities": "None",
        "changeInOperatingAssets": "None",
        "depreciationDepletionAndAmortization": "3775000",
        "capitalExpenditures": "1759000",
        "changeInReceivables": "None",
        "changeInInventory": "None",
        "profitLoss": "None",
        "cashflowFromInvestment": "44057000",
        "cashflowFromFinancing": "12591000",
        "proceedsFromRepaymentsOfShortTermDebt": "None",
        "paymentsForRepurchaseOfCommonStock": "None",
        "paymentsForRepurchaseOfEquity": "None",
        "paymentsForRepurchaseOfPreferredStock": "None",
        "dividendPayout": "None",
        "dividendPayoutCommonStock": "None",
        "dividendPayoutPreferredStock": "None",
        "proceedsFromIssuanceOfCommonStock": "None",
        "proceedsFromIssuanceOfLongTermDebtAndCapitalSecuritiesNet": "None",
        "proceedsFromIssuanceOfPreferredStock": "None",
        "proceedsFromRepurchaseOfEquity": "-1413000",
        "proceedsFromSaleOfTreasuryStock": "None",
        "changeInCashAndCashEquivalents": "None",
        "changeInExchangeRate": "None",
        "netIncome": "-2095641000"
      },
      {
        "fiscalDateEnding": "2023-03-31",
        "reportedCurrency": "USD",
        "operatingCashflow": "-95118000",
        "paymentsForOperatingActivities": "None",
        "proceedsFromOperatingActivities": "None",
        "changeInOperatingLiabilities": "None",
        "changeInOperatingAssets": "None",
        "depreciationDepletionAndAmortization": "3606000",
        "capitalExpenditures": "2077000",
        "changeInReceivables": "None",
        "changeInInventory": "None",
        "profitLoss": "None",
        "cashflowFromInvestment": "63017000",
        "cashflowFromFinancing": "-34459000",
        "proceedsFromRepaymentsOfShortTermDebt": "None",
        "paymentsForRepurchaseOfCommonStock": "None",
        "paymentsForRepurchaseOfEquity": "None",
        "paymentsForRepurchaseOfPreferredStock": "None",
        "dividendPayout": "6116000",
        "dividendPayoutCommonStock": "6116000",
        "dividendPayoutPreferredStock": "None",
        "proceedsFromIssuanceOfCommonStock": "None",
        "proceedsFromIssuanceOfLongTermDebtAndCapitalSecuritiesNet": "None",
        "proceedsFromIssuanceOfPreferredStock": "None",
        "proceedsFromRepurchaseOfEquity": "-8430000",
        "proceedsFromSaleOfTreasuryStock": "None",
        "changeInCashAndCashEquivalents": "None",
        "changeInExchangeRate": "None",
        "netIncome": "-130979999"
      },
      {
        "fiscalDateEnding": "2022-03-31",
        "reportedCurrency": "USD",
        "operatingCashflow": "-57003000",
        "paymentsForOperatingActivities": "None",
        "proceedsFromOperatingActivities": "None",
        "changeInOperatingLiabilities": "None",
        "changeInOperatingAssets": "None",
        "depreciationDepletionAndAmortization": "1990000",
        "capitalExpenditures": "4203000",
        "changeInReceivables": "None",
        "changeInInventory": "None",
        "profitLoss": "None",
        "cashflowFromInvestment": "44591000",
        "cashflowFromFinancing": "14855000",
        "proceedsFromRepaymentsOfShortTermDebt": "None",
        "paymentsForRepurchaseOfCommonStock": "None",
        "paymentsForRepurchaseOfEquity": "None",
        "paymentsForRepurchaseOfPreferredStock": "None",
        "dividendPayout": "None",
        "dividendPayoutCommonStock": "None",
        "dividendPayoutPreferredStock": "None",
        "proceedsFromIssuanceOfCommonStock": "None",
        "proceedsFromIssuanceOfLongTermDebtAndCapitalSecuritiesNet": "None",
        "proceedsFromIssuanceOfPreferredStock": "None",
        "proceedsFromRepurchaseOfEquity": "-14800000",
        "proceedsFromSaleOfTreasuryStock": "None",
        "changeInCashAndCashEquivalents": "None",
        "changeInExchangeRate": "None",
        "netIncome": "-105133000"
      },
      {
        "fiscalDateEnding": "2021-03-31",
        "reportedCurrency": "USD",
        "operatingCashflow": "-54010000",
        "paymentsForOperatingActivities": "None",
        "proceedsFromOperatingActivities": "None",
        "changeInOperatingLiabilities": "None",
        "changeInOperatingAssets": "None",
        "depreciationDepletionAndAmortization": "1055000",
        "capitalExpenditures": "3221000",
        "changeInReceivables": "None",
        "changeInInventory": "None",
        "profitLoss": "None",
        "cashflowFromInvestment": "-5980000",
        "cashflowFromFinancing": "43858000",
        "proceedsFromRepaymentsOfShortTermDebt": "None",
        "paymentsForRepurchaseOfCommonStock": "None",
        "paymentsForRepurchaseOfEquity": "None",
        "paymentsForRepurchaseOfPreferredStock": "None",
        "dividendPayout": "None",
        "dividendPayoutCommonStock": "None",
        "dividendPayoutPreferredStock": "None",
        "proceedsFromIssuanceOfCommonStock": "None",
        "proceedsFromIssuanceOfLongTermDebtAndCapitalSecuritiesNet": "None",
        "proceedsFromIssuanceOfPreferredStock": "None",
        "proceedsFromRepurchaseOfEquity": "0",
        "proceedsFromSaleOfTreasuryStock": "None",
        "changeInCashAndCashEquivalents": "None",
        "changeInExchangeRate": "None",
        "netIncome": "-50872000"
      },
      {
        "fiscalDateEnding": "2020-03-31",
        "reportedCurrency": "None",
        "operatingCashflow": "-51188000",
        "paymentsForOperatingActivities": "None",
        "proceedsFromOperatingActivities": "None",
        "changeInOperatingLiabilities": "None",
        "changeInOperatingAssets": "None",
        "depreciationDepletionAndAmortization": "332000",
        "capitalExpenditures": "2981000",
        "changeInReceivables": "None",
        "changeInInventory": "None",
        "profitLoss": "None",
        "cashflowFromInvestment": "70437000",
        "cashflowFromFinancing": "-5240000",
        "proceedsFromRepaymentsOfShortTermDebt": "None",
        "paymentsForRepurchaseOfCommonStock": "None",
        "paymentsForRepurchaseOfEquity": "None",
        "paymentsForRepurchaseOfPreferredStock": "None",
        "dividendPayout": "None",
        "dividendPayoutCommonStock": "None",
        "dividendPayoutPreferredStock": "None",
        "proceedsFromIssuanceOfCommonStock": "None",
        "proceedsFromIssuanceOfLongTermDebtAndCapitalSecuritiesNet": "None",
        "proceedsFromIssuanceOfPreferredStock": "None",
        "proceedsFromRepurchaseOfEquity": "-26454000",
        "proceedsFromSaleOfTreasuryStock": "None",
        "changeInCashAndCashEquivalents": "None",
        "changeInExchangeRate": "None",
        "netIncome": "-334041000"
      },
      {
        "fiscalDateEnding": "2019-03-31",
        "reportedCurrency": "USD",
        "operatingCashflow": "17814000",
        "paymentsForOperatingActivities": "None",
        "proceedsFromOperatingActivities": "None",
        "changeInOperatingLiabilities": "None",
        "changeInOperatingAssets": "None",
        "depreciationDepletionAndAmortization": "237000",
        "capitalExpenditures": "374000",
        "changeInReceivables": "None",
        "changeInInventory": "None",
        "profitLoss": "None",
        "cashflowFromInvestment": "141536000",
        "cashflowFromFinancing": "-156363000",
        "proceedsFromRepaymentsOfShortTermDebt": "None",
        "paymentsForRepurchaseOfCommonStock": "None",
        "paymentsForRepurchaseOfEquity": "None",
        "paymentsForRepurchaseOfPreferredStock": "None",
        "dividendPayout": "None",
        "dividendPayoutCommonStock": "None",
        "dividendPayoutPreferredStock": "None",
        "proceedsFromIssuanceOfCommonStock": "None",
        "proceedsFromIssuanceOfLongTermDebtAndCapitalSecuritiesNet": "None",
        "proceedsFromIssuanceOfPreferredStock": "None",
        "proceedsFromRepurchaseOfEquity": "-124869000",
        "proceedsFromSaleOfTreasuryStock": "None",
        "changeInCashAndCashEquivalents": "None",
        "changeInExchangeRate": "None",
        "netIncome": "-195000"
      },
      {
        "fiscalDateEnding": "2018-03-31",
        "reportedCurrency": "None",
        "operatingCashflow": "-2079657",
        "paymentsForOperatingActivities": "None",
        "proceedsFromOperatingActivities": "None",
        "changeInOperatingLiabilities": "None",
        "changeInOperatingAssets": "None",
        "depreciationDepletionAndAmortization": "3030196",
        "capitalExpenditures": "196137",
        "changeInReceivables": "None",
        "changeInInventory": "None",
        "profitLoss": "None",
        "cashflowFromInvestment": "102430",
        "cashflowFromFinancing": "-5337941",
        "proceedsFromRepaymentsOfShortTermDebt": "None",
        "paymentsForRepurchaseOfCommonStock": "None",
        "paymentsForRepurchaseOfEquity": "None",
        "paymentsForRepurchaseOfPreferredStock": "None",
        "dividendPayout": "None",
        "dividendPayoutCommonStock": "None",
        "dividendPayoutPreferredStock": "None",
        "proceedsFromIssuanceOfCommonStock": "None",
        "proceedsFromIssuanceOfLongTermDebtAndCapitalSecuritiesNet": "None",
        "proceedsFromIssuanceOfPreferredStock": "None",
        "proceedsFromRepurchaseOfEquity": "None",
        "proceedsFromSaleOfTreasuryStock": "None",
        "changeInCashAndCashEquivalents": "None",
        "changeInExchangeRate": "None",
        "netIncome": "-4995333"
      }
    ],
    "quarterlyReports": [
      {
        "fiscalDateEnding": "2025-09-30",
        "reportedCurrency": "USD",
        "operatingCashflow": "-14528000",
        "paymentsForOperatingActivities": "None",
        "proceedsFromOperatingActivities": "None",
        "changeInOperatingLiabilities": "None",
        "changeInOperatingAssets": "None",
        "depreciationDepletionAndAmortization": "143000",
        "capitalExpenditures": "269000",
        "changeInReceivables": "None",
        "changeInInventory": "None",
        "profitLoss": "None",
        "cashflowFromInvestment": "16370000",
        "cashflowFromFinancing": "-4552000",
        "proceedsFromRepaymentsOfShortTermDebt": "None",
        "paymentsForRepurchaseOfCommonStock": "None",
        "paymentsForRepurchaseOfEquity": "None",
        "paymentsForRepurchaseOfPreferredStock": "None",
        "dividendPayout": "None",
        "dividendPayoutCommonStock": "None",
        "dividendPayoutPreferredStock": "None",
        "proceedsFromIssuanceOfCommonStock": "None",
        "proceedsFromIssuanceOfLongTermDebtAndCapitalSecuritiesNet": "None",
        "proceedsFromIssuanceOfPreferredStock": "None",
        "proceedsFromRepurchaseOfEquity": "None",
        "proceedsFromSaleOfTreasuryStock": "None",
        "changeInCashAndCashEquivalents": "None",
        "changeInExchangeRate": "None",
        "netIncome": "-17907000"
      },
      {
        "fiscalDateEnding": "2025-06-30",
        "reportedCurrency": "USD",
        "operatingCashflow": "-8445000",
        "paymentsForOperatingActivities": "None",
        "proceedsFromOperatingActivities": "None",
        "changeInOperatingLiabilities": "None",
        "changeInOperatingAssets": "None",
        "depreciationDepletionAndAmortization": "443000",
        "capitalExpenditures": "124000",
        "changeInReceivables": "None",
        "changeInInventory": "None",
        "profitLoss": "None",
        "cashflowFromInvestment": "10717000",
        "cashflowFromFinancing": "-5127000",
        "proceedsFromRepaymentsOfShortTermDebt": "None",
        "paymentsForRepurchaseOfCommonStock": "None",
        "paymentsForRepurchaseOfEquity": "None",
        "paymentsForRepurchaseOfPreferredStock": "None",
        "dividendPayout": "None",
        "dividendPayoutCommonStock": "None",
        "dividendPayoutPreferredStock": "None",
        "proceedsFromIssuanceOfCommonStock": "None",
        "proceedsFromIssuanceOfLongTermDebtAndCapitalSecuritiesNet": "None",
        "proceedsFromIssuanceOfPreferredStock": "None",
        "proceedsFromRepurchaseOfEquity": "None",
        "proceedsFromSaleOfTreasuryStock": "None",
        "changeInCashAndCashEquivalents": "None",
        "changeInExchangeRate": "None",
        "netIncome": "-44634000"
      },
      {
        "fiscalDateEnding": "2025-03-31",
        "reportedCurrency": "USD",
        "operatingCashflow": "-8445000",
        "paymentsForOperatingActivities": "None",
        "proceedsFromOperatingActivities": "None",
        "changeInOperatingLiabilities": "None",
        "changeInOperatingAssets": "None",
        "depreciationDepletionAndAmortization": "443000",
        "capitalExpenditures": "124000",
        "changeInReceivables": "None",
        "changeInInventory": "None",
        "profitLoss": "None",
        "cashflowFromInvestment": "None",
        "cashflowFromFinancing": "-5127000",
        "proceedsFromRepaymentsOfShortTermDebt": "None",
        "paymentsForRepurchaseOfCommonStock": "None",
        "paymentsForRepurchaseOfEquity": "None",
        "paymentsForRepurchaseOfPreferredStock": "None",
        "dividendPayout": "None",
        "dividendPayoutCommonStock": "None",
        "dividendPayoutPreferredStock": "None",
        "proceedsFromIssuanceOfCommonStock": "None",
        "proceedsFromIssuanceOfLongTermDebtAndCapitalSecuritiesNet": "None",
        "proceedsFromIssuanceOfPreferredStock": "None",
        "proceedsFromRepurchaseOfEquity": "0",
        "proceedsFromSaleOfTreasuryStock": "None",
        "changeInCashAndCashEquivalents": "None",
        "changeInExchangeRate": "None",
        "netIncome": "-780000"
      },
      {
        "fiscalDateEnding": "2024-12-31",
        "reportedCurrency": "USD",
        "operatingCashflow": "-9999000",
        "paymentsForOperatingActivities": "None",
        "proceedsFromOperatingActivities": "None",
        "changeInOperatingLiabilities": "None",
        "changeInOperatingAssets": "None",
        "depreciationDepletionAndAmortization": "447000",
        "capitalExpenditures": "42000",
        "changeInReceivables": "None",
        "changeInInventory": "None",
        "profitLoss": "None",
        "cashflowFromInvestment": "6224000",
        "cashflowFromFinancing": "3180000",
        "proceedsFromRepaymentsOfShortTermDebt": "None",
        "paymentsForRepurchaseOfCommonStock": "None",
        "paymentsForRepurchaseOfEquity": "None",
        "paymentsForRepurchaseOfPreferredStock": "None",
        "dividendPayout": "None",
        "dividendPayoutCommonStock": "None",
        "dividendPayoutPreferredStock": "None",
        "proceedsFromIssuanceOfCommonStock": "None",
        "proceedsFromIssuanceOfLongTermDebtAndCapitalSecuritiesNet": "None",
        "proceedsFromIssuanceOfPreferredStock": "None",
        "proceedsFromRepurchaseOfEquity": "0",
        "proceedsFromSaleOfTreasuryStock": "None",
        "changeInCashAndCashEquivalents": "None",
        "changeInExchangeRate": "None",
        "netIncome": "-10226000"
      },
      {
        "fiscalDateEnding": "2024-09-30",
        "reportedCurrency": "USD",
        "operatingCashflow": "-8612000",
        "paymentsForOperatingActivities": "None",
        "proceedsFromOperatingActivities": "None",
        "changeInOperatingLiabilities": "None",
        "changeInOperatingAssets": "None",
        "depreciationDepletionAndAmortization": "391000",
        "capitalExpenditures": "269000",
        "changeInReceivables": "None",
        "changeInInventory": "None",
        "profitLoss": "None",
        "cashflowFromInvestment": "4772000",
        "cashflowFromFinancing": "3923000",
        "proceedsFromRepaymentsOfShortTermDebt": "None",
        "paymentsForRepurchaseOfCommonStock": "None",
        "paymentsForRepurchaseOfEquity": "None",
        "paymentsForRepurchaseOfPreferredStock": "None",
        "dividendPayout": "None",
        "dividendPayoutCommonStock": "None",
        "dividendPayoutPreferredStock": "None",
        "proceedsFromIssuanceOfCommonStock": "None",
        "proceedsFromIssuanceOfLongTermDebtAndCapitalSecuritiesNet": "None",
        "proceedsFromIssuanceOfPreferredStock": "None",
        "proceedsFromRepurchaseOfEquity": "0",
        "proceedsFromSaleOfTreasuryStock": "None",
        "changeInCashAndCashEquivalents": "None",
        "changeInExchangeRate": "None",
        "netIncome": "12914000"
      },
      {
        "fiscalDateEnding": "2024-06-30",
        "reportedCurrency": "USD",
        "operatingCashflow": "-10647000",
        "paymentsForOperatingActivities": "None",
        "proceedsFromOperatingActivities": "None",
        "changeInOperatingLiabilities": "None",
        "changeInOperatingAssets": "None",
        "depreciationDepletionAndAmortization": "414000",
        "capitalExpenditures": "664000",
        "changeInReceivables": "None",
        "changeInInventory": "None",
        "profitLoss": "None",
        "cashflowFromInvestment": "6392000",
        "cashflowFromFinancing": "991000",
        "proceedsFromRepaymentsOfShortTermDebt": "None",
        "paymentsForRepurchaseOfCommonStock": "None",
        "paymentsForRepurchaseOfEquity": "None",
        "paymentsForRepurchaseOfPreferredStock": "None",
        "dividendPayout": "None",
        "dividendPayoutCommonStock": "None",
        "dividendPayoutPreferredStock": "None",
        "proceedsFromIssuanceOfCommonStock": "None",
        "proceedsFromIssuanceOfLongTermDebtAndCapitalSecuritiesNet": "None",
        "proceedsFromIssuanceOfPreferredStock": "None",
        "proceedsFromRepurchaseOfEquity": "0",
        "proceedsFromSaleOfTreasuryStock": "None",
        "changeInCashAndCashEquivalents": "None",
        "changeInExchangeRate": "None",
        "netIncome": "44310000"
      },
      {
        "fiscalDateEnding": "2024-03-31",
        "reportedCurrency": "USD",
        "operatingCashflow": "-8646000",
        "paymentsForOperatingActivities": "None",
        "proceedsFromOperatingActivities": "None",
        "changeInOperatingLiabilities": "None",
        "changeInOperatingAssets": "None",
        "depreciationDepletionAndAmortization": "742000",
        "capitalExpenditures": "429000",
        "changeInReceivables": "None",
        "changeInInventory": "None",
        "profitLoss": "None",
        "cashflowFromInvestment": "None",
        "cashflowFromFinancing": "-1965000",
        "proceedsFromRepaymentsOfShortTermDebt": "None",
        "paymentsForRepurchaseOfCommonStock": "None",
        "paymentsForRepurchaseOfEquity": "None",
        "paymentsForRepurchaseOfPreferredStock": "None",
        "dividendPayout": "None",
        "dividendPayoutCommonStock": "None",
        "dividendPayoutPreferredStock": "None",
        "proceedsFromIssuanceOfCommonStock": "None",
        "proceedsFromIssuanceOfLongTermDebtAndCapitalSecuritiesNet": "None",
        "proceedsFromIssuanceOfPreferredStock": "None",
        "proceedsFromRepurchaseOfEquity": "0",
        "proceedsFromSaleOfTreasuryStock": "None",
        "changeInCashAndCashEquivalents": "None",
        "changeInExchangeRate": "None",
        "netIncome": "-66217000"
      },
      {
        "fiscalDateEnding": "2023-12-31",
        "reportedCurrency": "USD",
        "operatingCashflow": "-22214000",
        "paymentsForOperatingActivities": "None",
        "proceedsFromOperatingActivities": "None",
        "changeInOperatingLiabilities": "None",
        "changeInOperatingAssets": "None",
        "depreciationDepletionAndAmortization": "1112000",
        "capitalExpenditures": "375000",
        "changeInReceivables": "None",
        "changeInInventory": "None",
        "profitLoss": "None",
        "cashflowFromInvestment": "10997000",
        "cashflowFromFinancing": "20071000",
        "proceedsFromRepaymentsOfShortTermDebt": "None",
        "paymentsForRepurchaseOfCommonStock": "None",
        "paymentsForRepurchaseOfEquity": "None",
        "paymentsForRepurchaseOfPreferredStock": "None",
        "dividendPayout": "None",
        "dividendPayoutCommonStock": "None",
        "dividendPayoutPreferredStock": "None",
        "proceedsFromIssuanceOfCommonStock": "None",
        "proceedsFromIssuanceOfLongTermDebtAndCapitalSecuritiesNet": "None",
        "proceedsFromIssuanceOfPreferredStock": "None",
        "proceedsFromRepurchaseOfEquity": "0",
        "proceedsFromSaleOfTreasuryStock": "None",
        "changeInCashAndCashEquivalents": "None",
        "changeInExchangeRate": "None",
        "netIncome": "-542166000"
      },
      {
        "fiscalDateEnding": "2023-09-30",
        "reportedCurrency": "USD",
        "operatingCashflow": "-13446000",
        "paymentsForOperatingActivities": "None",
        "proceedsFromOperatingActivities": "None",
        "changeInOperatingLiabilities": "None",
        "changeInOperatingAssets": "None",
        "depreciationDepletionAndAmortization": "991000",
        "capitalExpenditures": "432000",
        "changeInReceivables": "None",
        "changeInInventory": "None",
        "profitLoss": "None",
        "cashflowFromInvestment": "14514000",
        "cashflowFromFinancing": "-2532000",
        "proceedsFromRepaymentsOfShortTermDebt": "None",
        "paymentsForRepurchaseOfCommonStock": "None",
        "paymentsForRepurchaseOfEquity": "None",
        "paymentsForRepurchaseOfPreferredStock": "None",
        "dividendPayout": "None",
        "dividendPayoutCommonStock": "None",
        "dividendPayoutPreferredStock": "None",
        "proceedsFromIssuanceOfCommonStock": "None",
        "proceedsFromIssuanceOfLongTermDebtAndCapitalSecuritiesNet": "None",
        "proceedsFromIssuanceOfPreferredStock": "None",
        "proceedsFromRepurchaseOfEquity": "0",
        "proceedsFromSaleOfTreasuryStock": "None",
        "changeInCashAndCashEquivalents": "None",
        "changeInExchangeRate": "None",
        "netIncome": "-381764000"
      },
      {
        "fiscalDateEnding": "2023-06-30",
        "reportedCurrency": "USD",
        "operatingCashflow": "-13910000",
        "paymentsForOperatingActivities": "None",
        "proceedsFromOperatingActivities": "None",
        "changeInOperatingLiabilities": "None",
        "changeInOperatingAssets": "None",
        "depreciationDepletionAndAmortization": "931000",
        "capitalExpenditures": "523000",
        "changeInReceivables": "None",
        "changeInInventory": "None",
        "profitLoss": "None",
        "cashflowFromInvestment": "11226000",
        "cashflowFromFinancing": "-2983000",
        "proceedsFromRepaymentsOfShortTermDebt": "None",
        "paymentsForRepurchaseOfCommonStock": "None",
        "paymentsForRepurchaseOfEquity": "None",
        "paymentsForRepurchaseOfPreferredStock": "None",
        "dividendPayout": "None",
        "dividendPayoutCommonStock": "None",
        "dividendPayoutPreferredStock": "None",
        "proceedsFromIssuanceOfCommonStock": "None",
        "proceedsFromIssuanceOfLongTermDebtAndCapitalSecuritiesNet": "None",
        "proceedsFromIssuanceOfPreferredStock": "None",
        "proceedsFromRepurchaseOfEquity": "-1413000",
        "proceedsFromSaleOfTreasuryStock": "None",
        "changeInCashAndCashEquivalents": "None",
        "changeInExchangeRate": "None",
        "netIncome": "-1155970000"
      },
      {
        "fiscalDateEnding": "2023-03-31",
        "reportedCurrency": "USD",
        "operatingCashflow": "-21367000",
        "paymentsForOperatingActivities": "None",
        "proceedsFromOperatingActivities": "None",
        "changeInOperatingLiabilities": "None",
        "changeInOperatingAssets": "None",
        "depreciationDepletionAndAmortization": "1034000",
        "capitalExpenditures": "448000",
        "changeInReceivables": "None",
        "changeInInventory": "None",
        "profitLoss": "None",
        "cashflowFromInvestment": "11226000",
        "cashflowFromFinancing": "-11699000",
        "proceedsFromRepaymentsOfShortTermDebt": "None",
        "paymentsForRepurchaseOfCommonStock": "None",
        "paymentsForRepurchaseOfEquity": "None",
        "paymentsForRepurchaseOfPreferredStock": "None",
        "dividendPayout": "3153000",
        "dividendPayoutCommonStock": "3153000",
        "dividendPayoutPreferredStock": "None",
        "proceedsFromIssuanceOfCommonStock": "None",
        "proceedsFromIssuanceOfLongTermDebtAndCapitalSecuritiesNet": "None",
        "proceedsFromIssuanceOfPreferredStock": "None",
        "proceedsFromRepurchaseOfEquity": "-1438000",
        "proceedsFromSaleOfTreasuryStock": "None",
        "changeInCashAndCashEquivalents": "None",
        "changeInExchangeRate": "None",
        "netIncome": "-49015000"
      },
      {
        "fiscalDateEnding": "2022-12-31",
        "reportedCurrency": "USD",
        "operatingCashflow": "-13363000",
        "paymentsForOperatingActivities": "None",
        "proceedsFromOperatingActivities": "None",
        "changeInOperatingLiabilities": "None",
        "changeInOperatingAssets": "None",
        "depreciationDepletionAndAmortization": "923000",
        "capitalExpenditures": "796000",
        "changeInReceivables": "None",
        "changeInInventory": "None",
        "profitLoss": "None",
        "cashflowFromInvestment": "16588000",
        "cashflowFromFinancing": "-9557000",
        "proceedsFromRepaymentsOfShortTermDebt": "None",
        "paymentsForRepurchaseOfCommonStock": "None",
        "paymentsForRepurchaseOfEquity": "None",
        "paymentsForRepurchaseOfPreferredStock": "None",
        "dividendPayout": "None",
        "dividendPayoutCommonStock": "None",
        "dividendPayoutPreferredStock": "None",
        "proceedsFromIssuanceOfCommonStock": "None",
        "proceedsFromIssuanceOfLongTermDebtAndCapitalSecuritiesNet": "None",
        "proceedsFromIssuanceOfPreferredStock": "None",
        "proceedsFromRepurchaseOfEquity": "-1806000",
        "proceedsFromSaleOfTreasuryStock": "None",
        "changeInCashAndCashEquivalents": "None",
        "changeInExchangeRate": "None",
        "netIncome": "-42850000"
      },
      {
        "fiscalDateEnding": "2022-09-30",
        "reportedCurrency": "USD",
        "operatingCashflow": "-249954",
        "paymentsForOperatingActivities": "None",
        "proceedsFromOperatingActivities": "None",
        "changeInOperatingLiabilities": "None",
        "changeInOperatingAssets": "None",
        "depreciationDepletionAndAmortization": "872000",
        "capitalExpenditures": "495000",
        "changeInReceivables": "None",
        "changeInInventory": "None",
        "profitLoss": "None",
        "cashflowFromInvestment": "86000",
        "cashflowFromFinancing": "-2842000",
        "proceedsFromRepaymentsOfShortTermDebt": "None",
        "paymentsForRepurchaseOfCommonStock": "None",
        "paymentsForRepurchaseOfEquity": "None",
        "paymentsForRepurchaseOfPreferredStock": "None",
        "dividendPayout": "None",
        "dividendPayoutCommonStock": "None",
        "dividendPayoutPreferredStock": "None",
        "proceedsFromIssuanceOfCommonStock": "None",
        "proceedsFromIssuanceOfLongTermDebtAndCapitalSecuritiesNet": "None",
        "proceedsFromIssuanceOfPreferredStock": "None",
        "proceedsFromRepurchaseOfEquity": "-1806000",
        "proceedsFromSaleOfTreasuryStock": "None",
        "changeInCashAndCashEquivalents": "None",
        "changeInExchangeRate": "None",
        "netIncome": "200344"
      },
      {
        "fiscalDateEnding": "2022-06-30",
        "reportedCurrency": "USD",
        "operatingCashflow": "-196306",
        "paymentsForOperatingActivities": "None",
        "proceedsFromOperatingActivities": "None",
        "changeInOperatingLiabilities": "None",
        "changeInOperatingAssets": "None",
        "depreciationDepletionAndAmortization": "777000",
        "capitalExpenditures": "338000",
        "changeInReceivables": "None",
        "changeInInventory": "None",
        "profitLoss": "None",
        "cashflowFromInvestment": "10572000",
        "cashflowFromFinancing": "-10361000",
        "proceedsFromRepaymentsOfShortTermDebt": "None",
        "paymentsForRepurchaseOfCommonStock": "None",
        "paymentsForRepurchaseOfEquity": "None",
        "paymentsForRepurchaseOfPreferredStock": "None",
        "dividendPayout": "None",
        "dividendPayoutCommonStock": "None",
        "dividendPayoutPreferredStock": "None",
        "proceedsFromIssuanceOfCommonStock": "None",
        "proceedsFromIssuanceOfLongTermDebtAndCapitalSecuritiesNet": "None",
        "proceedsFromIssuanceOfPreferredStock": "None",
        "proceedsFromRepurchaseOfEquity": "None",
        "proceedsFromSaleOfTreasuryStock": "None",
        "changeInCashAndCashEquivalents": "None",
        "changeInExchangeRate": "None",
        "netIncome": "3223749"
      },
      {
        "fiscalDateEnding": "2022-03-31",
        "reportedCurrency": "None",
        "operatingCashflow": "-11332000",
        "paymentsForOperatingActivities": "None",
        "proceedsFromOperatingActivities": "None",
        "changeInOperatingLiabilities": "None",
        "changeInOperatingAssets": "None",
        "depreciationDepletionAndAmortization": "612000",
        "capitalExpenditures": "975000",
        "changeInReceivables": "None",
        "changeInInventory": "None",
        "profitLoss": "None",
        "cashflowFromInvestment": "11490000",
        "cashflowFromFinancing": "55626000",
        "proceedsFromRepaymentsOfShortTermDebt": "None",
        "paymentsForRepurchaseOfCommonStock": "None",
        "paymentsForRepurchaseOfEquity": "None",
        "paymentsForRepurchaseOfPreferredStock": "None",
        "dividendPayout": "None",
        "dividendPayoutCommonStock": "None",
        "dividendPayoutPreferredStock": "None",
        "proceedsFromIssuanceOfCommonStock": "None",
        "proceedsFromIssuanceOfLongTermDebtAndCapitalSecuritiesNet": "None",
        "proceedsFromIssuanceOfPreferredStock": "None",
        "proceedsFromRepurchaseOfEquity": "None",
        "proceedsFromSaleOfTreasuryStock": "None",
        "changeInCashAndCashEquivalents": "None",
        "changeInExchangeRate": "None",
        "netIncome": "-100906000"
      },
      {
        "fiscalDateEnding": "2021-12-31",
        "reportedCurrency": "USD",
        "operatingCashflow": "-697176",
        "paymentsForOperatingActivities": "None",
        "proceedsFromOperatingActivities": "None",
        "changeInOperatingLiabilities": "None",
        "changeInOperatingAssets": "None",
        "depreciationDepletionAndAmortization": "525000",
        "capitalExpenditures": "1736000",
        "changeInReceivables": "None",
        "changeInInventory": "None",
        "profitLoss": "None",
        "cashflowFromInvestment": "-210105000",
        "cashflowFromFinancing": "211838840",
        "proceedsFromRepaymentsOfShortTermDebt": "None",
        "paymentsForRepurchaseOfCommonStock": "None",
        "paymentsForRepurchaseOfEquity": "None",
        "paymentsForRepurchaseOfPreferredStock": "None",
        "dividendPayout": "None",
        "dividendPayoutCommonStock": "None",
        "dividendPayoutPreferredStock": "None",
        "proceedsFromIssuanceOfCommonStock": "None",
        "proceedsFromIssuanceOfLongTermDebtAndCapitalSecuritiesNet": "None",
        "proceedsFromIssuanceOfPreferredStock": "None",
        "proceedsFromRepurchaseOfEquity": "0",
        "proceedsFromSaleOfTreasuryStock": "None",
        "changeInCashAndCashEquivalents": "None",
        "changeInExchangeRate": "None",
        "netIncome": "3815009"
      },
      {
        "fiscalDateEnding": "2021-09-30",
        "reportedCurrency": "None",
        "operatingCashflow": "-875",
        "paymentsForOperatingActivities": "None",
        "proceedsFromOperatingActivities": "None",
        "changeInOperatingLiabilities": "None",
        "changeInOperatingAssets": "None",
        "depreciationDepletionAndAmortization": "476500",
        "capitalExpenditures": "873500",
        "changeInReceivables": "None",
        "changeInInventory": "None",
        "profitLoss": "None",
        "cashflowFromInvestment": "4225000",
        "cashflowFromFinancing": "-750",
        "proceedsFromRepaymentsOfShortTermDebt": "None",
        "paymentsForRepurchaseOfCommonStock": "None",
        "paymentsForRepurchaseOfEquity": "None",
        "paymentsForRepurchaseOfPreferredStock": "None",
        "dividendPayout": "None",
        "dividendPayoutCommonStock": "None",
        "dividendPayoutPreferredStock": "None",
        "proceedsFromIssuanceOfCommonStock": "None",
        "proceedsFromIssuanceOfLongTermDebtAndCapitalSecuritiesNet": "None",
        "proceedsFromIssuanceOfPreferredStock": "None",
        "proceedsFromRepurchaseOfEquity": "None",
        "proceedsFromSaleOfTreasuryStock": "None",
        "changeInCashAndCashEquivalents": "None",
        "changeInExchangeRate": "None",
        "netIncome": "-875"
      },
      {
        "fiscalDateEnding": "2021-06-30",
        "reportedCurrency": "None",
        "operatingCashflow": "-7835000",
        "paymentsForOperatingActivities": "None",
        "proceedsFromOperatingActivities": "None",
        "changeInOperatingLiabilities": "None",
        "changeInOperatingAssets": "None",
        "depreciationDepletionAndAmortization": "476500",
        "capitalExpenditures": "873500",
        "changeInReceivables": "None",
        "changeInInventory": "None",
        "profitLoss": "None",
        "cashflowFromInvestment": "4225000",
        "cashflowFromFinancing": "-390500",
        "proceedsFromRepaymentsOfShortTermDebt": "None",
        "paymentsForRepurchaseOfCommonStock": "None",
        "paymentsForRepurchaseOfEquity": "None",
        "paymentsForRepurchaseOfPreferredStock": "None",
        "dividendPayout": "None",
        "dividendPayoutCommonStock": "None",
        "dividendPayoutPreferredStock": "None",
        "proceedsFromIssuanceOfCommonStock": "None",
        "proceedsFromIssuanceOfLongTermDebtAndCapitalSecuritiesNet": "None",
        "proceedsFromIssuanceOfPreferredStock": "None",
        "proceedsFromRepurchaseOfEquity": "None",
        "proceedsFromSaleOfTreasuryStock": "None",
        "changeInCashAndCashEquivalents": "None",
        "changeInExchangeRate": "None",
        "netIncome": "-3841500"
      },
      {
        "fiscalDateEnding": "2021-03-31",
        "reportedCurrency": "None",
        "operatingCashflow": "-1947",
        "paymentsForOperatingActivities": "None",
        "proceedsFromOperatingActivities": "None",
        "changeInOperatingLiabilities": "None",
        "changeInOperatingAssets": "None",
        "depreciationDepletionAndAmortization": "512000",
        "capitalExpenditures": "720000",
        "changeInReceivables": "None",
        "changeInInventory": "None",
        "profitLoss": "None",
        "cashflowFromInvestment": "4304000",
        "cashflowFromFinancing": "-6794",
        "proceedsFromRepaymentsOfShortTermDebt": "None",
        "paymentsForRepurchaseOfCommonStock": "None",
        "paymentsForRepurchaseOfEquity": "None",
        "paymentsForRepurchaseOfPreferredStock": "None",
        "dividendPayout": "None",
        "dividendPayoutCommonStock": "None",
        "dividendPayoutPreferredStock": "None",
        "proceedsFromIssuanceOfCommonStock": "None",
        "proceedsFromIssuanceOfLongTermDebtAndCapitalSecuritiesNet": "None",
        "proceedsFromIssuanceOfPreferredStock": "None",
        "proceedsFromRepurchaseOfEquity": "None",
        "proceedsFromSaleOfTreasuryStock": "None",
        "changeInCashAndCashEquivalents": "None",
        "changeInExchangeRate": "None",
        "netIncome": "-450"
      },
      {
        "fiscalDateEnding": "2018-12-31",
        "reportedCurrency": "USD",
        "operatingCashflow": "-178928026",
        "paymentsForOperatingActivities": "None",
        "proceedsFromOperatingActivities": "None",
        "changeInOperatingLiabilities": "None",
        "changeInOperatingAssets": "None",
        "depreciationDepletionAndAmortization": "-1925677",
        "capitalExpenditures": "148449",
        "changeInReceivables": "None",
        "changeInInventory": "None",
        "profitLoss": "None",
        "cashflowFromInvestment": "195242275",
        "cashflowFromFinancing": "-20230826",
        "proceedsFromRepaymentsOfShortTermDebt": "None",
        "paymentsForRepurchaseOfCommonStock": "None",
        "paymentsForRepurchaseOfEquity": "None",
        "paymentsForRepurchaseOfPreferredStock": "None",
        "dividendPayout": "None",
        "dividendPayoutCommonStock": "None",
        "dividendPayoutPreferredStock": "None",
        "proceedsFromIssuanceOfCommonStock": "None",
        "proceedsFromIssuanceOfLongTermDebtAndCapitalSecuritiesNet": "None",
        "proceedsFromIssuanceOfPreferredStock": "None",
        "proceedsFromRepurchaseOfEquity": "-20490527",
        "proceedsFromSaleOfTreasuryStock": "None",
        "changeInCashAndCashEquivalents": "None",
        "changeInExchangeRate": "None",
        "netIncome": "-18609649"
      },
      {
        "fiscalDateEnding": "2018-09-30",
        "reportedCurrency": "None",
        "operatingCashflow": "154264989",
        "paymentsForOperatingActivities": "None",
        "proceedsFromOperatingActivities": "None",
        "changeInOperatingLiabilities": "None",
        "changeInOperatingAssets": "None",
        "depreciationDepletionAndAmortization": "1602848",
        "capitalExpenditures": "92701",
        "changeInReceivables": "None",
        "changeInInventory": "None",
        "profitLoss": "None",
        "cashflowFromInvestment": "-50092701",
        "cashflowFromFinancing": "-104378229",
        "proceedsFromRepaymentsOfShortTermDebt": "None",
        "paymentsForRepurchaseOfCommonStock": "None",
        "paymentsForRepurchaseOfEquity": "None",
        "paymentsForRepurchaseOfPreferredStock": "None",
        "dividendPayout": "None",
        "dividendPayoutCommonStock": "None",
        "dividendPayoutPreferredStock": "None",
        "proceedsFromIssuanceOfCommonStock": "None",
        "proceedsFromIssuanceOfLongTermDebtAndCapitalSecuritiesNet": "None",
        "proceedsFromIssuanceOfPreferredStock": "None",
        "proceedsFromRepurchaseOfEquity": "-104378229",
        "proceedsFromSaleOfTreasuryStock": "None",
        "changeInCashAndCashEquivalents": "None",
        "changeInExchangeRate": "None",
        "netIncome": "1500900"
      },
      {
        "fiscalDateEnding": "2018-06-30",
        "reportedCurrency": "None",
        "operatingCashflow": "21238532",
        "paymentsForOperatingActivities": "None",
        "proceedsFromOperatingActivities": "None",
        "changeInOperatingLiabilities": "None",
        "changeInOperatingAssets": "None",
        "depreciationDepletionAndAmortization": "319076",
        "capitalExpenditures": "66894",
        "changeInReceivables": "None",
        "changeInInventory": "None",
        "profitLoss": "None",
        "cashflowFromInvestment": "-1806858",
        "cashflowFromFinancing": "-15876915",
        "proceedsFromRepaymentsOfShortTermDebt": "None",
        "paymentsForRepurchaseOfCommonStock": "None",
        "paymentsForRepurchaseOfEquity": "None",
        "paymentsForRepurchaseOfPreferredStock": "None",
        "dividendPayout": "None",
        "dividendPayoutCommonStock": "None",
        "dividendPayoutPreferredStock": "None",
        "proceedsFromIssuanceOfCommonStock": "None",
        "proceedsFromIssuanceOfLongTermDebtAndCapitalSecuritiesNet": "None",
        "proceedsFromIssuanceOfPreferredStock": "None",
        "proceedsFromRepurchaseOfEquity": "None",
        "proceedsFromSaleOfTreasuryStock": "None",
        "changeInCashAndCashEquivalents": "None",
        "changeInExchangeRate": "None",
        "netIncome": "8456997"
      },
      {
        "fiscalDateEnding": "2018-03-31",
        "reportedCurrency": "None",
        "operatingCashflow": "21238532",
        "paymentsForOperatingActivities": "None",
        "proceedsFromOperatingActivities": "None",
        "changeInOperatingLiabilities": "None",
        "changeInOperatingAssets": "None",
        "depreciationDepletionAndAmortization": "319076",
        "capitalExpenditures": "66894",
        "changeInReceivables": "None",
        "changeInInventory": "None",
        "profitLoss": "None",
        "cashflowFromInvestment": "-1806858",
        "cashflowFromFinancing": "-15876915",
        "proceedsFromRepaymentsOfShortTermDebt": "None",
        "paymentsForRepurchaseOfCommonStock": "None",
        "paymentsForRepurchaseOfEquity": "None",
        "paymentsForRepurchaseOfPreferredStock": "None",
        "dividendPayout": "None",
        "dividendPayoutCommonStock": "None",
        "dividendPayoutPreferredStock": "None",
        "proceedsFromIssuanceOfCommonStock": "None",
        "proceedsFromIssuanceOfLongTermDebtAndCapitalSecuritiesNet": "None",
        "proceedsFromIssuanceOfPreferredStock": "None",
        "proceedsFromRepurchaseOfEquity": "None",
        "proceedsFromSaleOfTreasuryStock": "None",
        "changeInCashAndCashEquivalents": "None",
        "changeInExchangeRate": "None",
        "netIncome": "8456997"
      },
      {
        "fiscalDateEnding": "2017-12-31",
        "reportedCurrency": "None",
        "operatingCashflow": "-137035",
        "paymentsForOperatingActivities": "None",
        "proceedsFromOperatingActivities": "None",
        "changeInOperatingLiabilities": "None",
        "changeInOperatingAssets": "None",
        "depreciationDepletionAndAmortization": "67308",
        "capitalExpenditures": "38744",
        "changeInReceivables": "None",
        "changeInInventory": "None",
        "profitLoss": "None",
        "cashflowFromInvestment": "-178162",
        "cashflowFromFinancing": "None",
        "proceedsFromRepaymentsOfShortTermDebt": "None",
        "paymentsForRepurchaseOfCommonStock": "None",
        "paymentsForRepurchaseOfEquity": "None",
        "paymentsForRepurchaseOfPreferredStock": "None",
        "dividendPayout": "None",
        "dividendPayoutCommonStock": "None",
        "dividendPayoutPreferredStock": "None",
        "proceedsFromIssuanceOfCommonStock": "None",
        "proceedsFromIssuanceOfLongTermDebtAndCapitalSecuritiesNet": "None",
        "proceedsFromIssuanceOfPreferredStock": "None",
        "proceedsFromRepurchaseOfEquity": "None",
        "proceedsFromSaleOfTreasuryStock": "None",
        "changeInCashAndCashEquivalents": "None",
        "changeInExchangeRate": "None",
        "netIncome": "4506600"
      },
      {
        "fiscalDateEnding": "2017-09-30",
        "reportedCurrency": "None",
        "operatingCashflow": "884107",
        "paymentsForOperatingActivities": "None",
        "proceedsFromOperatingActivities": "None",
        "changeInOperatingLiabilities": "None",
        "changeInOperatingAssets": "None",
        "depreciationDepletionAndAmortization": "761571",
        "capitalExpenditures": "65109",
        "changeInReceivables": "None",
        "changeInInventory": "None",
        "profitLoss": "None",
        "cashflowFromInvestment": "372876",
        "cashflowFromFinancing": "-5337941",
        "proceedsFromRepaymentsOfShortTermDebt": "None",
        "paymentsForRepurchaseOfCommonStock": "None",
        "paymentsForRepurchaseOfEquity": "None",
        "paymentsForRepurchaseOfPreferredStock": "None",
        "dividendPayout": "None",
        "dividendPayoutCommonStock": "None",
        "dividendPayoutPreferredStock": "None",
        "proceedsFromIssuanceOfCommonStock": "None",
        "proceedsFromIssuanceOfLongTermDebtAndCapitalSecuritiesNet": "None",
        "proceedsFromIssuanceOfPreferredStock": "None",
        "proceedsFromRepurchaseOfEquity": "None",
        "proceedsFromSaleOfTreasuryStock": "None",
        "changeInCashAndCashEquivalents": "None",
        "changeInExchangeRate": "None",
        "netIncome": "-4486173"
      },
      {
        "fiscalDateEnding": "2017-06-30",
        "reportedCurrency": "None",
        "operatingCashflow": "-1413365",
        "paymentsForOperatingActivities": "None",
        "proceedsFromOperatingActivities": "None",
        "changeInOperatingLiabilities": "None",
        "changeInOperatingAssets": "None",
        "depreciationDepletionAndAmortization": "1100658",
        "capitalExpenditures": "46142",
        "changeInReceivables": "None",
        "changeInInventory": "None",
        "profitLoss": "None",
        "cashflowFromInvestment": "-46142",
        "cashflowFromFinancing": "None",
        "proceedsFromRepaymentsOfShortTermDebt": "None",
        "paymentsForRepurchaseOfCommonStock": "None",
        "paymentsForRepurchaseOfEquity": "None",
        "paymentsForRepurchaseOfPreferredStock": "None",
        "dividendPayout": "None",
        "dividendPayoutCommonStock": "None",
        "dividendPayoutPreferredStock": "None",
        "proceedsFromIssuanceOfCommonStock": "None",
        "proceedsFromIssuanceOfLongTermDebtAndCapitalSecuritiesNet": "None",
        "proceedsFromIssuanceOfPreferredStock": "None",
        "proceedsFromRepurchaseOfEquity": "None",
        "proceedsFromSaleOfTreasuryStock": "None",
        "changeInCashAndCashEquivalents": "None",
        "changeInExchangeRate": "None",
        "netIncome": "-2507880"
      },
      {
        "fiscalDateEnding": "2017-03-31",
        "reportedCurrency": "None",
        "operatingCashflow": "-1413365",
        "paymentsForOperatingActivities": "None",
        "proceedsFromOperatingActivities": "None",
        "changeInOperatingLiabilities": "None",
        "changeInOperatingAssets": "None",
        "depreciationDepletionAndAmortization": "1100659",
        "capitalExpenditures": "46142",
        "changeInReceivables": "None",
        "changeInInventory": "None",
        "profitLoss": "None",
        "cashflowFromInvestment": "-46142",
        "cashflowFromFinancing": "None",
        "proceedsFromRepaymentsOfShortTermDebt": "None",
        "paymentsForRepurchaseOfCommonStock": "None",
        "paymentsForRepurchaseOfEquity": "None",
        "paymentsForRepurchaseOfPreferredStock": "None",
        "dividendPayout": "None",
        "dividendPayoutCommonStock": "None",
        "dividendPayoutPreferredStock": "None",
        "proceedsFromIssuanceOfCommonStock": "None",
        "proceedsFromIssuanceOfLongTermDebtAndCapitalSecuritiesNet": "None",
        "proceedsFromIssuanceOfPreferredStock": "None",
        "proceedsFromRepurchaseOfEquity": "None",
        "proceedsFromSaleOfTreasuryStock": "None",
        "changeInCashAndCashEquivalents": "None",
        "changeInExchangeRate": "None",
        "netIncome": "-2507880"
      }
    ]
  },
  "incomeStatement": {
    "symbol": "BENF",
    "annualReports": [
      {
        "fiscalDateEnding": "2025-03-31",
        "reportedCurrency": "USD",
        "grossProfit": "-24796000",
        "totalRevenue": "-7945000",
        "costOfRevenue": "16851000",
        "costofGoodsAndServicesSold": "16851000",
        "operatingIncome": "-24185000",
        "sellingGeneralAndAdministrative": "23235000",
        "researchAndDevelopment": "None",
        "operatingExpenses": "16242000",
        "investmentIncomeNet": "None",
        "netInterestIncome": "-14908000",
        "interestIncome": "None",
        "interestExpense": "14908000",
        "nonInterestIncome": "None",
        "otherNonOperatingIncome": "None",
        "depreciation": "None",
        "depreciationAndAmortization": "1695000",
        "incomeBeforeTax": "-723000",
        "incomeTaxExpense": "80000",
        "interestAndDebtExpense": "None",
        "netIncomeFromContinuingOperations": "-803000",
        "comprehensiveIncomeNetOfTax": "None",
        "ebit": "-37096000",
        "ebitda": "-35401000",
        "netIncome": "51162000"
      },
      {
        "fiscalDateEnding": "2024-03-31",
        "reportedCurrency": "USD",
        "grossProfit": "-164037000",
        "totalRevenue": "-98908000",
        "costOfRevenue": "65129000",
        "costofGoodsAndServicesSold": "65129000",
        "operatingIncome": "-2648546000",
        "sellingGeneralAndAdministrative": "36320000",
        "researchAndDevelopment": "456.20",
        "operatingExpenses": "2484509000",
        "investmentIncomeNet": "None",
        "netInterestIncome": "-17559000",
        "interestIncome": "None",
        "interestExpense": "17559000",
        "nonInterestIncome": "None",
        "otherNonOperatingIncome": "None",
        "depreciation": "None",
        "depreciationAndAmortization": "3775000",
        "incomeBeforeTax": "-2657392000",
        "incomeTaxExpense": "788000",
        "interestAndDebtExpense": "None",
        "netIncomeFromContinuingOperations": "-2658180000",
        "comprehensiveIncomeNetOfTax": "None",
        "ebit": "-2639833000",
        "ebitda": "-2636058000",
        "netIncome": "-2095641000"
      },
      {
        "fiscalDateEnding": "2023-03-31",
        "reportedCurrency": "USD",
        "grossProfit": "-150516000",
        "totalRevenue": "-104989000",
        "costOfRevenue": "45527000",
        "costofGoodsAndServicesSold": "45527000",
        "operatingIncome": "-253172000",
        "sellingGeneralAndAdministrative": "47485000",
        "researchAndDevelopment": "479.49",
        "operatingExpenses": "102656000",
        "investmentIncomeNet": "None",
        "netInterestIncome": "-16700000",
        "interestIncome": "460000",
        "interestExpense": "15471000",
        "nonInterestIncome": "None",
        "otherNonOperatingIncome": "None",
        "depreciation": "None",
        "depreciationAndAmortization": "3606000",
        "incomeBeforeTax": "-253172000",
        "incomeTaxExpense": "-1072000",
        "interestAndDebtExpense": "None",
        "netIncomeFromContinuingOperations": "-1629599000",
        "comprehensiveIncomeNetOfTax": "None",
        "ebit": "-237701000",
        "ebitda": "-234095000",
        "netIncome": "-130980000"
      },
      {
        "fiscalDateEnding": "2022-03-31",
        "reportedCurrency": "USD",
        "grossProfit": "-612000",
        "totalRevenue": "47911000",
        "costOfRevenue": "48523000",
        "costofGoodsAndServicesSold": "48523000",
        "operatingIncome": "-71120000",
        "sellingGeneralAndAdministrative": "20488000",
        "researchAndDevelopment": "None",
        "operatingExpenses": "50449000",
        "investmentIncomeNet": "None",
        "netInterestIncome": "-20059000",
        "interestIncome": "7398000",
        "interestExpense": "27457000",
        "nonInterestIncome": "None",
        "otherNonOperatingIncome": "None",
        "depreciation": "None",
        "depreciationAndAmortization": "435467",
        "incomeBeforeTax": "-105133000",
        "incomeTaxExpense": "17340000",
        "interestAndDebtExpense": "None",
        "netIncomeFromContinuingOperations": "-105133000",
        "comprehensiveIncomeNetOfTax": "None",
        "ebit": "-42108467",
        "ebitda": "-41673000",
        "netIncome": "-95016000"
      },
      {
        "fiscalDateEnding": "2021-03-31",
        "reportedCurrency": "USD",
        "grossProfit": "81198000",
        "totalRevenue": "101980000",
        "costOfRevenue": "20782000",
        "costofGoodsAndServicesSold": "20782000",
        "operatingIncome": "-47413000",
        "sellingGeneralAndAdministrative": "128950000",
        "researchAndDevelopment": "None",
        "operatingExpenses": "98142000",
        "investmentIncomeNet": "None",
        "netInterestIncome": "-30469000",
        "interestIncome": "2082000",
        "interestExpense": "32551000",
        "nonInterestIncome": "None",
        "otherNonOperatingIncome": "None",
        "depreciation": "None",
        "depreciationAndAmortization": "1055000",
        "incomeBeforeTax": "-47413000",
        "incomeTaxExpense": "3459000",
        "interestAndDebtExpense": "None",
        "netIncomeFromContinuingOperations": "-50872000",
        "comprehensiveIncomeNetOfTax": "None",
        "ebit": "-14862000",
        "ebitda": "-13807000",
        "netIncome": "-58040000"
      },
      {
        "fiscalDateEnding": "2020-03-31",
        "reportedCurrency": "None",
        "grossProfit": "60291000",
        "totalRevenue": "60291000",
        "costOfRevenue": "None",
        "costofGoodsAndServicesSold": "None",
        "operatingIncome": "-135379000",
        "sellingGeneralAndAdministrative": "20709000",
        "researchAndDevelopment": "1213000",
        "operatingExpenses": "197182000",
        "investmentIncomeNet": "None",
        "netInterestIncome": "None",
        "interestIncome": "None",
        "interestExpense": "None",
        "nonInterestIncome": "None",
        "otherNonOperatingIncome": "None",
        "depreciation": "None",
        "depreciationAndAmortization": "332000",
        "incomeBeforeTax": "-167149000",
        "incomeTaxExpense": "179000",
        "interestAndDebtExpense": "None",
        "netIncomeFromContinuingOperations": "None",
        "comprehensiveIncomeNetOfTax": "None",
        "ebit": "-135379000",
        "ebitda": "-135047000",
        "netIncome": "-334041000"
      },
      {
        "fiscalDateEnding": "2019-03-31",
        "reportedCurrency": "None",
        "grossProfit": "75801000",
        "totalRevenue": "79466000",
        "costOfRevenue": "3665000",
        "costofGoodsAndServicesSold": "3665000",
        "operatingIncome": "41441000",
        "sellingGeneralAndAdministrative": "18150000",
        "researchAndDevelopment": "None",
        "operatingExpenses": "219999000",
        "investmentIncomeNet": "None",
        "netInterestIncome": "None",
        "interestIncome": "None",
        "interestExpense": "None",
        "nonInterestIncome": "None",
        "otherNonOperatingIncome": "None",
        "depreciation": "None",
        "depreciationAndAmortization": "237000",
        "incomeBeforeTax": "-165575000",
        "incomeTaxExpense": "3639000",
        "interestAndDebtExpense": "None",
        "netIncomeFromContinuingOperations": "None",
        "comprehensiveIncomeNetOfTax": "None",
        "ebit": "41441000",
        "ebitda": "41678000",
        "netIncome": "-5015000"
      },
      {
        "fiscalDateEnding": "2018-03-31",
        "reportedCurrency": "None",
        "grossProfit": "32892962",
        "totalRevenue": "40429026",
        "costOfRevenue": "7536064",
        "costofGoodsAndServicesSold": "7536064",
        "operatingIncome": "24730403",
        "sellingGeneralAndAdministrative": "5918355",
        "researchAndDevelopment": "None",
        "operatingExpenses": "186641509",
        "investmentIncomeNet": "None",
        "netInterestIncome": "None",
        "interestIncome": "None",
        "interestExpense": "None",
        "nonInterestIncome": "None",
        "otherNonOperatingIncome": "None",
        "depreciation": "None",
        "depreciationAndAmortization": "3030196",
        "incomeBeforeTax": "-157875469",
        "incomeTaxExpense": "-148872660",
        "interestAndDebtExpense": "None",
        "netIncomeFromContinuingOperations": "None",
        "comprehensiveIncomeNetOfTax": "None",
        "ebit": "24730403",
        "ebitda": "27760599",
        "netIncome": "-9002809"
      }
    ],
    "quarterlyReports": [
      {
        "fiscalDateEnding": "2025-09-30",
        "reportedCurrency": "USD",
        "grossProfit": "-2763000",
        "totalRevenue": "-2763000",
        "costOfRevenue": "7760000",
        "costofGoodsAndServicesSold": "7760000",
        "operatingIncome": "-17864000",
        "sellingGeneralAndAdministrative": "5331000",
        "researchAndDevelopment": "None",
        "operatingExpenses": "15101000",
        "investmentIncomeNet": "None",
        "netInterestIncome": "-4898000",
        "interestIncome": "None",
        "interestExpense": "4898000",
        "nonInterestIncome": "None",
        "otherNonOperatingIncome": "None",
        "depreciation": "None",
        "depreciationAndAmortization": "143000",
        "incomeBeforeTax": "-17864000",
        "incomeTaxExpense": "43000",
        "interestAndDebtExpense": "None",
        "netIncomeFromContinuingOperations": "-17907000",
        "comprehensiveIncomeNetOfTax": "None",
        "ebit": "-12966000",
        "ebitda": "-12823000",
        "netIncome": "-3629000"
      },
      {
        "fiscalDateEnding": "2025-06-30",
        "reportedCurrency": "None",
        "grossProfit": "-30969000",
        "totalRevenue": "-30969000",
        "costOfRevenue": "2937000",
        "costofGoodsAndServicesSold": "2937000",
        "operatingIncome": "-45295000",
        "sellingGeneralAndAdministrative": "5351000",
        "researchAndDevelopment": "None",
        "operatingExpenses": "11389000",
        "investmentIncomeNet": "None",
        "netInterestIncome": "None",
        "interestIncome": "None",
        "interestExpense": "3060000",
        "nonInterestIncome": "None",
        "otherNonOperatingIncome": "None",
        "depreciation": "None",
        "depreciationAndAmortization": "447000",
        "incomeBeforeTax": "-45295000",
        "incomeTaxExpense": "-661000",
        "interestAndDebtExpense": "None",
        "netIncomeFromContinuingOperations": "None",
        "comprehensiveIncomeNetOfTax": "None",
        "ebit": "-42235000",
        "ebitda": "-41788000",
        "netIncome": "-780000"
      },
      {
        "fiscalDateEnding": "2025-03-31",
        "reportedCurrency": "USD",
        "grossProfit": "-33906000",
        "totalRevenue": "-30969000",
        "costOfRevenue": "2937000",
        "costofGoodsAndServicesSold": "2937000",
        "operatingIncome": "-42235000",
        "sellingGeneralAndAdministrative": "6239000",
        "researchAndDevelopment": "None",
        "operatingExpenses": "11266000",
        "investmentIncomeNet": "None",
        "netInterestIncome": "-3060000",
        "interestIncome": "None",
        "interestExpense": "3060000",
        "nonInterestIncome": "None",
        "otherNonOperatingIncome": "None",
        "depreciation": "None",
        "depreciationAndAmortization": "None",
        "incomeBeforeTax": "-45295000",
        "incomeTaxExpense": "None",
        "interestAndDebtExpense": "None",
        "netIncomeFromContinuingOperations": "-44634000",
        "comprehensiveIncomeNetOfTax": "None",
        "ebit": "None",
        "ebitda": "None",
        "netIncome": "-780000"
      },
      {
        "fiscalDateEnding": "2024-12-31",
        "reportedCurrency": "USD",
        "grossProfit": "4419000",
        "totalRevenue": "4417000",
        "costOfRevenue": "2929000",
        "costofGoodsAndServicesSold": "2929000",
        "operatingIncome": "-9513000",
        "sellingGeneralAndAdministrative": "5083000",
        "researchAndDevelopment": "None",
        "operatingExpenses": "13932000",
        "investmentIncomeNet": "None",
        "netInterestIncome": "-3240000",
        "interestIncome": "None",
        "interestExpense": "3240000",
        "nonInterestIncome": "None",
        "otherNonOperatingIncome": "None",
        "depreciation": "None",
        "depreciationAndAmortization": "447000",
        "incomeBeforeTax": "-9513000",
        "incomeTaxExpense": "713000",
        "interestAndDebtExpense": "None",
        "netIncomeFromContinuingOperations": "-10226000",
        "comprehensiveIncomeNetOfTax": "None",
        "ebit": "-6273000",
        "ebitda": "-5826000",
        "netIncome": "-8639000"
      },
      {
        "fiscalDateEnding": "2024-09-30",
        "reportedCurrency": "USD",
        "grossProfit": "1426000",
        "totalRevenue": "8561000",
        "costOfRevenue": "7135000",
        "costofGoodsAndServicesSold": "7135000",
        "operatingIncome": "-13715000",
        "sellingGeneralAndAdministrative": "8094000",
        "researchAndDevelopment": "None",
        "operatingExpenses": "15141000",
        "investmentIncomeNet": "None",
        "netInterestIncome": "-4320000",
        "interestIncome": "None",
        "interestExpense": "4320000",
        "nonInterestIncome": "None",
        "otherNonOperatingIncome": "None",
        "depreciation": "None",
        "depreciationAndAmortization": "391000",
        "incomeBeforeTax": "9747000",
        "incomeTaxExpense": "None",
        "interestAndDebtExpense": "None",
        "netIncomeFromContinuingOperations": "9747000",
        "comprehensiveIncomeNetOfTax": "None",
        "ebit": "14067000",
        "ebitda": "14458000",
        "netIncome": "12914000"
      },
      {
        "fiscalDateEnding": "2024-06-30",
        "reportedCurrency": "USD",
        "grossProfit": "6196000",
        "totalRevenue": "10046000",
        "costOfRevenue": "3850000",
        "costofGoodsAndServicesSold": "3850000",
        "operatingIncome": "44338000",
        "sellingGeneralAndAdministrative": "6795000",
        "researchAndDevelopment": "None",
        "operatingExpenses": "-38142000",
        "investmentIncomeNet": "None",
        "netInterestIncome": "-4288000",
        "interestIncome": "None",
        "interestExpense": "4288000",
        "nonInterestIncome": "None",
        "otherNonOperatingIncome": "None",
        "depreciation": "None",
        "depreciationAndAmortization": "414000",
        "incomeBeforeTax": "44338000",
        "incomeTaxExpense": "28000",
        "interestAndDebtExpense": "None",
        "netIncomeFromContinuingOperations": "44310000",
        "comprehensiveIncomeNetOfTax": "None",
        "ebit": "48626000",
        "ebitda": "49040000",
        "netIncome": "47667000"
      },
      {
        "fiscalDateEnding": "2024-03-31",
        "reportedCurrency": "USD",
        "grossProfit": "-49672000",
        "totalRevenue": "-43104000",
        "costOfRevenue": "6568000",
        "costofGoodsAndServicesSold": "6568000",
        "operatingIncome": "-67790000",
        "sellingGeneralAndAdministrative": "9445000",
        "researchAndDevelopment": "None",
        "operatingExpenses": "24686000",
        "investmentIncomeNet": "None",
        "netInterestIncome": "-3990000",
        "interestIncome": "None",
        "interestExpense": "3990000",
        "nonInterestIncome": "None",
        "otherNonOperatingIncome": "None",
        "depreciation": "None",
        "depreciationAndAmortization": "None",
        "incomeBeforeTax": "-194861000",
        "incomeTaxExpense": "None",
        "interestAndDebtExpense": "None",
        "netIncomeFromContinuingOperations": "-195574000",
        "comprehensiveIncomeNetOfTax": "None",
        "ebit": "None",
        "ebitda": "None",
        "netIncome": "-66217000"
      },
      {
        "fiscalDateEnding": "2023-12-31",
        "reportedCurrency": "USD",
        "grossProfit": "-17640000",
        "totalRevenue": "-10300000",
        "costOfRevenue": "7340000",
        "costofGoodsAndServicesSold": "7340000",
        "operatingIncome": "-915951000",
        "sellingGeneralAndAdministrative": "6346000",
        "researchAndDevelopment": "None",
        "operatingExpenses": "898311000",
        "investmentIncomeNet": "None",
        "netInterestIncome": "-4671000",
        "interestIncome": "None",
        "interestExpense": "4671000",
        "nonInterestIncome": "None",
        "otherNonOperatingIncome": "None",
        "depreciation": "None",
        "depreciationAndAmortization": "1112000",
        "incomeBeforeTax": "-924797000",
        "incomeTaxExpense": "75000",
        "interestAndDebtExpense": "None",
        "netIncomeFromContinuingOperations": "-924872000",
        "comprehensiveIncomeNetOfTax": "None",
        "ebit": "-920126000",
        "ebitda": "-919014000",
        "netIncome": "-542166000"
      },
      {
        "fiscalDateEnding": "2023-09-30",
        "reportedCurrency": "USD",
        "grossProfit": "-58159000",
        "totalRevenue": "-42761000",
        "costOfRevenue": "15398000",
        "costofGoodsAndServicesSold": "15398000",
        "operatingIncome": "-381764000",
        "sellingGeneralAndAdministrative": "7773000",
        "researchAndDevelopment": "None",
        "operatingExpenses": "323605000",
        "investmentIncomeNet": "None",
        "netInterestIncome": "-5000000",
        "interestIncome": "114000",
        "interestExpense": "5114000",
        "nonInterestIncome": "None",
        "otherNonOperatingIncome": "None",
        "depreciation": "None",
        "depreciationAndAmortization": "991000",
        "incomeBeforeTax": "-381764000",
        "incomeTaxExpense": "-4915000",
        "interestAndDebtExpense": "None",
        "netIncomeFromContinuingOperations": "-381764000",
        "comprehensiveIncomeNetOfTax": "None",
        "ebit": "-376650000",
        "ebitda": "-375659000",
        "netIncome": "-371735000"
      },
      {
        "fiscalDateEnding": "2023-06-30",
        "reportedCurrency": "USD",
        "grossProfit": "-38566000",
        "totalRevenue": "-2743000",
        "costOfRevenue": "35823000",
        "costofGoodsAndServicesSold": "35823000",
        "operatingIncome": "-1155970000",
        "sellingGeneralAndAdministrative": "12755000",
        "researchAndDevelopment": "None",
        "operatingExpenses": "1117404000",
        "investmentIncomeNet": "None",
        "netInterestIncome": "-3784000",
        "interestIncome": "116000",
        "interestExpense": "3784000",
        "nonInterestIncome": "None",
        "otherNonOperatingIncome": "None",
        "depreciation": "None",
        "depreciationAndAmortization": "931000",
        "incomeBeforeTax": "-1155970000",
        "incomeTaxExpense": "-675000",
        "interestAndDebtExpense": "None",
        "netIncomeFromContinuingOperations": "-1155970000",
        "comprehensiveIncomeNetOfTax": "None",
        "ebit": "-1152186000",
        "ebitda": "-1151255000",
        "netIncome": "-1115523000"
      },
      {
        "fiscalDateEnding": "2023-03-31",
        "reportedCurrency": "USD",
        "grossProfit": "-29360000",
        "totalRevenue": "-18585000",
        "costOfRevenue": "10775000",
        "costofGoodsAndServicesSold": "10775000",
        "operatingIncome": "-49015000",
        "sellingGeneralAndAdministrative": "11220000",
        "researchAndDevelopment": "None",
        "operatingExpenses": "15657000",
        "investmentIncomeNet": "None",
        "netInterestIncome": "-3668000",
        "interestIncome": "116000",
        "interestExpense": "4115000",
        "nonInterestIncome": "None",
        "otherNonOperatingIncome": "None",
        "depreciation": "None",
        "depreciationAndAmortization": "1034000",
        "incomeBeforeTax": "-49015000",
        "incomeTaxExpense": "-675000",
        "interestAndDebtExpense": "None",
        "netIncomeFromContinuingOperations": "-1155970000",
        "comprehensiveIncomeNetOfTax": "None",
        "ebit": "-44900000",
        "ebitda": "-43866000",
        "netIncome": "-34960000"
      },
      {
        "fiscalDateEnding": "2022-12-31",
        "reportedCurrency": "USD",
        "grossProfit": "-24227000",
        "totalRevenue": "-11557000",
        "costOfRevenue": "12670000",
        "costofGoodsAndServicesSold": "12670000",
        "operatingIncome": "-45206000",
        "sellingGeneralAndAdministrative": "10155000",
        "researchAndDevelopment": "None",
        "operatingExpenses": "16945000",
        "investmentIncomeNet": "None",
        "netInterestIncome": "-4147000",
        "interestIncome": "113000",
        "interestExpense": "4147000",
        "nonInterestIncome": "None",
        "otherNonOperatingIncome": "None",
        "depreciation": "None",
        "depreciationAndAmortization": "923000",
        "incomeBeforeTax": "-45206000",
        "incomeTaxExpense": "-2356000",
        "interestAndDebtExpense": "None",
        "netIncomeFromContinuingOperations": "-42850000",
        "comprehensiveIncomeNetOfTax": "None",
        "ebit": "-41059000",
        "ebitda": "-40136000",
        "netIncome": "-42850000"
      },
      {
        "fiscalDateEnding": "2022-09-30",
        "reportedCurrency": "USD",
        "grossProfit": "-48645000",
        "totalRevenue": "-38128000",
        "costOfRevenue": "10517000",
        "costofGoodsAndServicesSold": "10517000",
        "operatingIncome": "-73000000",
        "sellingGeneralAndAdministrative": "16307000",
        "researchAndDevelopment": "None",
        "operatingExpenses": "20862000",
        "investmentIncomeNet": "None",
        "netInterestIncome": "-4034000",
        "interestIncome": "113000",
        "interestExpense": "3590000",
        "nonInterestIncome": "None",
        "otherNonOperatingIncome": "None",
        "depreciation": "None",
        "depreciationAndAmortization": "872000",
        "incomeBeforeTax": "-73000000",
        "incomeTaxExpense": "887000",
        "interestAndDebtExpense": "None",
        "netIncomeFromContinuingOperations": "-42850000",
        "comprehensiveIncomeNetOfTax": "None",
        "ebit": "-69410000",
        "ebitda": "-68538000",
        "netIncome": "-73887000"
      },
      {
        "fiscalDateEnding": "2022-06-30",
        "reportedCurrency": "USD",
        "grossProfit": "-37044000",
        "totalRevenue": "-37044000",
        "costOfRevenue": "10517000",
        "costofGoodsAndServicesSold": "10517000",
        "operatingIncome": "-355650",
        "sellingGeneralAndAdministrative": "7857000",
        "researchAndDevelopment": "None",
        "operatingExpenses": "355653",
        "investmentIncomeNet": "None",
        "netInterestIncome": "-3493000",
        "interestIncome": "97000",
        "interestExpense": "3590000",
        "nonInterestIncome": "None",
        "otherNonOperatingIncome": "None",
        "depreciation": "None",
        "depreciationAndAmortization": "777000",
        "incomeBeforeTax": "3223749",
        "incomeTaxExpense": "397000",
        "interestAndDebtExpense": "None",
        "netIncomeFromContinuingOperations": "-73887000",
        "comprehensiveIncomeNetOfTax": "None",
        "ebit": "-1132650",
        "ebitda": "-355650",
        "netIncome": "3223749"
      },
      {
        "fiscalDateEnding": "2022-03-31",
        "reportedCurrency": "None",
        "grossProfit": "-74018000",
        "totalRevenue": "-66693000",
        "costOfRevenue": "7325000",
        "costofGoodsAndServicesSold": "7325000",
        "operatingIncome": "-99834000",
        "sellingGeneralAndAdministrative": "8842000",
        "researchAndDevelopment": "None",
        "operatingExpenses": "23779000",
        "investmentIncomeNet": "None",
        "netInterestIncome": "None",
        "interestIncome": "None",
        "interestExpense": "2110000",
        "nonInterestIncome": "None",
        "otherNonOperatingIncome": "None",
        "depreciation": "None",
        "depreciationAndAmortization": "612000",
        "incomeBeforeTax": "-99834000",
        "incomeTaxExpense": "1072000",
        "interestAndDebtExpense": "None",
        "netIncomeFromContinuingOperations": "None",
        "comprehensiveIncomeNetOfTax": "None",
        "ebit": "-97724000",
        "ebitda": "-97112000",
        "netIncome": "-100906000"
      },
      {
        "fiscalDateEnding": "2021-12-31",
        "reportedCurrency": "USD",
        "grossProfit": "-3581000",
        "totalRevenue": "-3581000",
        "costOfRevenue": "7325000",
        "costofGoodsAndServicesSold": "7325000",
        "operatingIncome": "-435020",
        "sellingGeneralAndAdministrative": "5967000",
        "researchAndDevelopment": "None",
        "operatingExpenses": "-435020",
        "investmentIncomeNet": "None",
        "netInterestIncome": "-2037000",
        "interestIncome": "73000",
        "interestExpense": "2110000",
        "nonInterestIncome": "None",
        "otherNonOperatingIncome": "None",
        "depreciation": "None",
        "depreciationAndAmortization": "525000",
        "incomeBeforeTax": "3815009",
        "incomeTaxExpense": "-525000",
        "interestAndDebtExpense": "None",
        "netIncomeFromContinuingOperations": "-100906000",
        "comprehensiveIncomeNetOfTax": "None",
        "ebit": "-960020",
        "ebitda": "-435020",
        "netIncome": "3815009"
      },
      {
        "fiscalDateEnding": "2021-09-30",
        "reportedCurrency": "None",
        "grossProfit": "53244000",
        "totalRevenue": "53244000",
        "costOfRevenue": "None",
        "costofGoodsAndServicesSold": "None",
        "operatingIncome": "36265000",
        "sellingGeneralAndAdministrative": "3257000",
        "researchAndDevelopment": "None",
        "operatingExpenses": "16979000",
        "investmentIncomeNet": "None",
        "netInterestIncome": "None",
        "interestIncome": "None",
        "interestExpense": "None",
        "nonInterestIncome": "None",
        "otherNonOperatingIncome": "None",
        "depreciation": "None",
        "depreciationAndAmortization": "476500",
        "incomeBeforeTax": "28840000",
        "incomeTaxExpense": "482000",
        "interestAndDebtExpense": "None",
        "netIncomeFromContinuingOperations": "None",
        "comprehensiveIncomeNetOfTax": "None",
        "ebit": "36265000",
        "ebitda": "36741500",
        "netIncome": "28358000"
      },
      {
        "fiscalDateEnding": "2021-06-30",
        "reportedCurrency": "None",
        "grossProfit": "28264500",
        "totalRevenue": "28264500",
        "costOfRevenue": "None",
        "costofGoodsAndServicesSold": "None",
        "operatingIncome": "11078500",
        "sellingGeneralAndAdministrative": "3447500",
        "researchAndDevelopment": "None",
        "operatingExpenses": "17186000",
        "investmentIncomeNet": "None",
        "netInterestIncome": "None",
        "interestIncome": "None",
        "interestExpense": "None",
        "nonInterestIncome": "None",
        "otherNonOperatingIncome": "None",
        "depreciation": "None",
        "depreciationAndAmortization": "476500",
        "incomeBeforeTax": "3973000",
        "incomeTaxExpense": "136500",
        "interestAndDebtExpense": "None",
        "netIncomeFromContinuingOperations": "None",
        "comprehensiveIncomeNetOfTax": "None",
        "ebit": "11078500",
        "ebitda": "11555000",
        "netIncome": "-3841500"
      },
      {
        "fiscalDateEnding": "2021-03-31",
        "reportedCurrency": "None",
        "grossProfit": "-5483000",
        "totalRevenue": "427000",
        "costOfRevenue": "5910000",
        "costofGoodsAndServicesSold": "5910000",
        "operatingIncome": "-450",
        "sellingGeneralAndAdministrative": "10780000",
        "researchAndDevelopment": "None",
        "operatingExpenses": "12507000",
        "investmentIncomeNet": "None",
        "netInterestIncome": "None",
        "interestIncome": "None",
        "interestExpense": "7184000",
        "nonInterestIncome": "None",
        "otherNonOperatingIncome": "None",
        "depreciation": "None",
        "depreciationAndAmortization": "512000",
        "incomeBeforeTax": "-450",
        "incomeTaxExpense": "-273000",
        "interestAndDebtExpense": "None",
        "netIncomeFromContinuingOperations": "None",
        "comprehensiveIncomeNetOfTax": "None",
        "ebit": "-512450",
        "ebitda": "-450",
        "netIncome": "-450"
      },
      {
        "fiscalDateEnding": "2020-12-31",
        "reportedCurrency": "None",
        "grossProfit": "None",
        "totalRevenue": "None",
        "costOfRevenue": "None",
        "costofGoodsAndServicesSold": "None",
        "operatingIncome": "3",
        "sellingGeneralAndAdministrative": "None",
        "researchAndDevelopment": "None",
        "operatingExpenses": "3",
        "investmentIncomeNet": "None",
        "netInterestIncome": "None",
        "interestIncome": "None",
        "interestExpense": "None",
        "nonInterestIncome": "None",
        "otherNonOperatingIncome": "None",
        "depreciation": "None",
        "depreciationAndAmortization": "54000",
        "incomeBeforeTax": "-1497",
        "incomeTaxExpense": "-54000",
        "interestAndDebtExpense": "None",
        "netIncomeFromContinuingOperations": "None",
        "comprehensiveIncomeNetOfTax": "None",
        "ebit": "-53997",
        "ebitda": "3",
        "netIncome": "-1497"
      },
      {
        "fiscalDateEnding": "2018-12-31",
        "reportedCurrency": "None",
        "grossProfit": "-7882022",
        "totalRevenue": "-4493924",
        "costOfRevenue": "3388098",
        "costofGoodsAndServicesSold": "3388098",
        "operatingIncome": "-8152438",
        "sellingGeneralAndAdministrative": "3825705",
        "researchAndDevelopment": "33223",
        "operatingExpenses": "192685822",
        "investmentIncomeNet": "None",
        "netInterestIncome": "None",
        "interestIncome": "None",
        "interestExpense": "None",
        "nonInterestIncome": "None",
        "otherNonOperatingIncome": "None",
        "depreciation": "None",
        "depreciationAndAmortization": "78831",
        "incomeBeforeTax": "-204247884",
        "incomeTaxExpense": "3638699",
        "interestAndDebtExpense": "None",
        "netIncomeFromContinuingOperations": "None",
        "comprehensiveIncomeNetOfTax": "None",
        "ebit": "-8152438",
        "ebitda": "-8073607",
        "netIncome": "-9994908"
      },
      {
        "fiscalDateEnding": "2018-09-30",
        "reportedCurrency": "None",
        "grossProfit": "21893751",
        "totalRevenue": "22923716",
        "costOfRevenue": "1029965",
        "costofGoodsAndServicesSold": "1029965",
        "operatingIncome": "12029597",
        "sellingGeneralAndAdministrative": "3110363",
        "researchAndDevelopment": "33857",
        "operatingExpenses": "9864154",
        "investmentIncomeNet": "None",
        "netInterestIncome": "None",
        "interestIncome": "None",
        "interestExpense": "None",
        "nonInterestIncome": "None",
        "otherNonOperatingIncome": "None",
        "depreciation": "None",
        "depreciationAndAmortization": "1602848",
        "incomeBeforeTax": "5451230",
        "incomeTaxExpense": "3950330",
        "interestAndDebtExpense": "None",
        "netIncomeFromContinuingOperations": "None",
        "comprehensiveIncomeNetOfTax": "None",
        "ebit": "12029597",
        "ebitda": "13632445",
        "netIncome": "1500900"
      },
      {
        "fiscalDateEnding": "2018-06-30",
        "reportedCurrency": "None",
        "grossProfit": "27506524",
        "totalRevenue": "30517875",
        "costOfRevenue": "3011351",
        "costofGoodsAndServicesSold": "3011351",
        "operatingIncome": "18781832",
        "sellingGeneralAndAdministrative": "5606968",
        "researchAndDevelopment": "24601",
        "operatingExpenses": "8724692",
        "investmentIncomeNet": "None",
        "netInterestIncome": "None",
        "interestIncome": "None",
        "interestExpense": "None",
        "nonInterestIncome": "None",
        "otherNonOperatingIncome": "None",
        "depreciation": "None",
        "depreciationAndAmortization": "319076",
        "incomeBeforeTax": "16610653",
        "incomeTaxExpense": "14871168",
        "interestAndDebtExpense": "None",
        "netIncomeFromContinuingOperations": "None",
        "comprehensiveIncomeNetOfTax": "None",
        "ebit": "18781832",
        "ebitda": "19100908",
        "netIncome": "1739485"
      },
      {
        "fiscalDateEnding": "2018-03-31",
        "reportedCurrency": "None",
        "grossProfit": "27506524",
        "totalRevenue": "30517875",
        "costOfRevenue": "3011351",
        "costofGoodsAndServicesSold": "3011351",
        "operatingIncome": "18781832",
        "sellingGeneralAndAdministrative": "5606968",
        "researchAndDevelopment": "24601",
        "operatingExpenses": "8724692",
        "investmentIncomeNet": "None",
        "netInterestIncome": "None",
        "interestIncome": "None",
        "interestExpense": "None",
        "nonInterestIncome": "None",
        "otherNonOperatingIncome": "None",
        "depreciation": "None",
        "depreciationAndAmortization": "319076",
        "incomeBeforeTax": "16610653",
        "incomeTaxExpense": "14871168",
        "interestAndDebtExpense": "None",
        "netIncomeFromContinuingOperations": "None",
        "comprehensiveIncomeNetOfTax": "None",
        "ebit": "18781832",
        "ebitda": "19100908",
        "netIncome": "1739485"
      },
      {
        "fiscalDateEnding": "2017-12-31",
        "reportedCurrency": "None",
        "grossProfit": "32366074",
        "totalRevenue": "32403031",
        "costOfRevenue": "36957",
        "costofGoodsAndServicesSold": "36957",
        "operatingIncome": "28745674",
        "sellingGeneralAndAdministrative": "2820157",
        "researchAndDevelopment": "None",
        "operatingExpenses": "182099350",
        "investmentIncomeNet": "None",
        "netInterestIncome": "None",
        "interestIncome": "None",
        "interestExpense": "None",
        "nonInterestIncome": "None",
        "otherNonOperatingIncome": "None",
        "depreciation": "None",
        "depreciationAndAmortization": "67308",
        "incomeBeforeTax": "-151659571",
        "incomeTaxExpense": "800",
        "interestAndDebtExpense": "None",
        "netIncomeFromContinuingOperations": "None",
        "comprehensiveIncomeNetOfTax": "None",
        "ebit": "28745674",
        "ebitda": "28812982",
        "netIncome": "4506600"
      },
      {
        "fiscalDateEnding": "2017-09-30",
        "reportedCurrency": "None",
        "grossProfit": "-587239",
        "totalRevenue": "6911868",
        "costOfRevenue": "7499107",
        "costofGoodsAndServicesSold": "7499107",
        "operatingIncome": "-2892524",
        "sellingGeneralAndAdministrative": "1830935",
        "researchAndDevelopment": "None",
        "operatingExpenses": "2305285",
        "investmentIncomeNet": "None",
        "netInterestIncome": "None",
        "interestIncome": "None",
        "interestExpense": "None",
        "nonInterestIncome": "None",
        "otherNonOperatingIncome": "None",
        "depreciation": "None",
        "depreciationAndAmortization": "761571",
        "incomeBeforeTax": "-3994069",
        "incomeTaxExpense": "2276951",
        "interestAndDebtExpense": "None",
        "netIncomeFromContinuingOperations": "None",
        "comprehensiveIncomeNetOfTax": "None",
        "ebit": "-2892524",
        "ebitda": "-2130953",
        "netIncome": "-6271020"
      },
      {
        "fiscalDateEnding": "2017-06-30",
        "reportedCurrency": "None",
        "grossProfit": "557063",
        "totalRevenue": "557063",
        "costOfRevenue": "None",
        "costofGoodsAndServicesSold": "None",
        "operatingIncome": "-561373",
        "sellingGeneralAndAdministrative": "633631",
        "researchAndDevelopment": "None",
        "operatingExpenses": "1118436",
        "investmentIncomeNet": "None",
        "netInterestIncome": "None",
        "interestIncome": "None",
        "interestExpense": "None",
        "nonInterestIncome": "None",
        "otherNonOperatingIncome": "None",
        "depreciation": "None",
        "depreciationAndAmortization": "1100658",
        "incomeBeforeTax": "-1110914",
        "incomeTaxExpense": "400",
        "interestAndDebtExpense": "None",
        "netIncomeFromContinuingOperations": "None",
        "comprehensiveIncomeNetOfTax": "None",
        "ebit": "-561373",
        "ebitda": "539285",
        "netIncome": "-3619194"
      },
      {
        "fiscalDateEnding": "2017-03-31",
        "reportedCurrency": "None",
        "grossProfit": "557064",
        "totalRevenue": "557064",
        "costOfRevenue": "None",
        "costofGoodsAndServicesSold": "None",
        "operatingIncome": "-561374",
        "sellingGeneralAndAdministrative": "633632",
        "researchAndDevelopment": "None",
        "operatingExpenses": "1118438",
        "investmentIncomeNet": "None",
        "netInterestIncome": "None",
        "interestIncome": "None",
        "interestExpense": "None",
        "nonInterestIncome": "None",
        "otherNonOperatingIncome": "None",
        "depreciation": "None",
        "depreciationAndAmortization": "1100659",
        "incomeBeforeTax": "-1110915",
        "incomeTaxExpense": "400",
        "interestAndDebtExpense": "None",
        "netIncomeFromContinuingOperations": "None",
        "comprehensiveIncomeNetOfTax": "None",
        "ebit": "-561374",
        "ebitda": "539285",
        "netIncome": "-3619195"
      }
    ]
  }
}