{
  "ticker": "BIOX",
  "balanceSheet": {
    "symbol": "BIOX",
    "annualReports": [
      {
        "fiscalDateEnding": "2025-06-30",
        "reportedCurrency": "USD",
        "totalAssets": "763645080",
        "totalCurrentAssets": "308311497",
        "cashAndCashEquivalentsAtCarryingValue": "32695079",
        "cashAndShortTermInvestments": "32695079",
        "inventory": "89989649",
        "currentNetReceivables": "177752573",
        "totalNonCurrentAssets": "455333583",
        "propertyPlantEquipment": "None",
        "accumulatedDepreciationAmortizationPPE": "None",
        "intangibleAssets": "181173079",
        "intangibleAssetsExcludingGoodwill": "181173079",
        "goodwill": "112163432",
        "investments": "None",
        "longTermInvestments": "39371322",
        "shortTermInvestments": "2040038",
        "otherCurrentAssets": "5834158",
        "otherNonCurrentAssets": "None",
        "totalLiabilities": "468426518",
        "totalCurrentLiabilities": "337985971",
        "currentAccountsPayable": "91577431",
        "deferredRevenue": "None",
        "currentDebt": "None",
        "shortTermDebt": "228882613",
        "totalNonCurrentLiabilities": "130440547",
        "capitalLeaseObligations": "16411981",
        "longTermDebt": "38198026",
        "currentLongTermDebt": "221998571",
        "longTermDebtNoncurrent": "None",
        "shortLongTermDebtTotal": "276608578",
        "otherCurrentLiabilities": "9506603",
        "otherNonCurrentLiabilities": "397774",
        "totalShareholderEquity": "262808684",
        "treasuryStock": "None",
        "retainedEarnings": "-65043383",
        "commonStock": "6500",
        "commonStockSharesOutstanding": "63200000"
      },
      {
        "fiscalDateEnding": "2024-06-30",
        "reportedCurrency": "USD",
        "totalAssets": "852548194",
        "totalCurrentAssets": "408668037",
        "cashAndCashEquivalentsAtCarryingValue": "44473270",
        "cashAndShortTermInvestments": "44473270",
        "inventory": "126223902",
        "currentNetReceivables": "216033262",
        "totalNonCurrentAssets": "443880157",
        "propertyPlantEquipment": "None",
        "accumulatedDepreciationAmortizationPPE": "None",
        "intangibleAssets": "176893136",
        "intangibleAssetsExcludingGoodwill": "176893136",
        "goodwill": "112163432",
        "investments": "None",
        "longTermInvestments": "40420906",
        "shortTermInvestments": "11695528",
        "otherCurrentAssets": "10242075",
        "otherNonCurrentAssets": "None",
        "totalLiabilities": "501167342",
        "totalCurrentLiabilities": "329309095",
        "currentAccountsPayable": "161925095",
        "deferredRevenue": "None",
        "currentDebt": "None",
        "shortTermDebt": "139869976",
        "totalNonCurrentLiabilities": "171858247",
        "capitalLeaseObligations": "11284137",
        "longTermDebt": "122914568",
        "currentLongTermDebt": "136747198",
        "longTermDebtNoncurrent": "None",
        "shortLongTermDebtTotal": "270945903",
        "otherCurrentLiabilities": "13118063",
        "otherNonCurrentLiabilities": "2504473",
        "totalShareholderEquity": "315297150",
        "treasuryStock": "None",
        "retainedEarnings": "-9627329",
        "commonStock": "6500",
        "commonStockSharesOutstanding": "63485000"
      },
      {
        "fiscalDateEnding": "2023-06-30",
        "reportedCurrency": "USD",
        "totalAssets": "818059158",
        "totalCurrentAssets": "397114401",
        "cashAndCashEquivalentsAtCarryingValue": "48129194",
        "cashAndShortTermInvestments": "48129194",
        "inventory": "140573817",
        "currentNetReceivables": "185319539",
        "totalNonCurrentAssets": "420944757",
        "propertyPlantEquipment": "None",
        "accumulatedDepreciationAmortizationPPE": "None",
        "intangibleAssets": "173783956",
        "intangibleAssetsExcludingGoodwill": "173783956",
        "goodwill": "112163432",
        "investments": "None",
        "longTermInvestments": "39741719",
        "shortTermInvestments": "11922317",
        "otherCurrentAssets": "11169534",
        "otherNonCurrentAssets": "None",
        "totalLiabilities": "487563051",
        "totalCurrentLiabilities": "298712534",
        "currentAccountsPayable": "146293315",
        "deferredRevenue": "None",
        "currentDebt": "None",
        "shortTermDebt": "111498358",
        "totalNonCurrentLiabilities": "188850517",
        "capitalLeaseObligations": "13889223",
        "longTermDebt": "135884092",
        "currentLongTermDebt": "107639659",
        "longTermDebtNoncurrent": "None",
        "shortLongTermDebtTotal": "257412974",
        "otherCurrentLiabilities": "11975107",
        "otherNonCurrentLiabilities": "3578157",
        "totalShareholderEquity": "298849981",
        "treasuryStock": "None",
        "retainedEarnings": "-13903017",
        "commonStock": "6493",
        "commonStockSharesOutstanding": "63185508"
      },
      {
        "fiscalDateEnding": "2022-06-30",
        "reportedCurrency": "USD",
        "totalAssets": "518220361",
        "totalCurrentAssets": "297705126",
        "cashAndCashEquivalentsAtCarryingValue": "33475266",
        "cashAndShortTermInvestments": "33475266",
        "inventory": "126101435",
        "currentNetReceivables": "128079128",
        "totalNonCurrentAssets": "220515235",
        "propertyPlantEquipment": "81790410",
        "accumulatedDepreciationAmortizationPPE": "None",
        "intangibleAssets": "76704869",
        "intangibleAssetsExcludingGoodwill": "76704869",
        "goodwill": "36073685",
        "investments": "None",
        "longTermInvestments": "40300000",
        "shortTermInvestments": "5136010",
        "otherCurrentAssets": "4913287",
        "otherNonCurrentAssets": "None",
        "totalLiabilities": "359921513",
        "totalCurrentLiabilities": "222665752",
        "currentAccountsPayable": "124406072",
        "deferredRevenue": "None",
        "currentDebt": "None",
        "shortTermDebt": "72714372",
        "totalNonCurrentLiabilities": "137255761",
        "capitalLeaseObligations": "13900000",
        "longTermDebt": "135900000",
        "currentLongTermDebt": "108900000",
        "longTermDebtNoncurrent": "None",
        "shortLongTermDebtTotal": "169788992",
        "otherCurrentLiabilities": "10845460",
        "otherNonCurrentLiabilities": "8500000",
        "totalShareholderEquity": "127614466",
        "treasuryStock": "None",
        "retainedEarnings": "-32682893",
        "commonStock": "4637",
        "commonStockSharesOutstanding": "42302318"
      },
      {
        "fiscalDateEnding": "2021-06-30",
        "reportedCurrency": "USD",
        "totalAssets": "394589957",
        "totalCurrentAssets": "211489658",
        "cashAndCashEquivalentsAtCarryingValue": "36046113",
        "cashAndShortTermInvestments": "36046113",
        "inventory": "63353389",
        "currentNetReceivables": "99149519",
        "totalNonCurrentAssets": "183100299",
        "propertyPlantEquipment": "62052351",
        "accumulatedDepreciationAmortizationPPE": "None",
        "intangibleAssets": "67342362",
        "intangibleAssetsExcludingGoodwill": "67342362",
        "goodwill": "28751206",
        "investments": "None",
        "longTermInvestments": "39173933",
        "shortTermInvestments": "10735422",
        "otherCurrentAssets": "2205215",
        "otherNonCurrentAssets": "None",
        "totalLiabilities": "304299653",
        "totalCurrentLiabilities": "168037855",
        "currentAccountsPayable": "69305124",
        "deferredRevenue": "None",
        "currentDebt": "None",
        "shortTermDebt": "77536165",
        "totalNonCurrentLiabilities": "136261798",
        "capitalLeaseObligations": "11751284",
        "longTermDebt": "86736240",
        "currentLongTermDebt": "78588637",
        "longTermDebtNoncurrent": "None",
        "shortLongTermDebtTotal": "174579054",
        "otherCurrentLiabilities": "4909417",
        "otherNonCurrentLiabilities": "14090970",
        "totalShareholderEquity": "67743242",
        "treasuryStock": "None",
        "retainedEarnings": "-25483275",
        "commonStock": "4158",
        "commonStockSharesOutstanding": "39218632"
      },
      {
        "fiscalDateEnding": "2020-06-30",
        "reportedCurrency": "USD",
        "totalAssets": "297561369",
        "totalCurrentAssets": "164693055",
        "cashAndCashEquivalentsAtCarryingValue": "27159421",
        "cashAndShortTermInvestments": "27159421",
        "inventory": "30765927",
        "currentNetReceivables": "77839224",
        "totalNonCurrentAssets": "132868314",
        "propertyPlantEquipment": "49282256",
        "accumulatedDepreciationAmortizationPPE": "None",
        "intangibleAssets": "35333464",
        "intangibleAssetsExcludingGoodwill": "35333464",
        "goodwill": "25526855",
        "investments": "None",
        "longTermInvestments": "31719626",
        "shortTermInvestments": "28799833",
        "otherCurrentAssets": "128650",
        "otherNonCurrentAssets": "None",
        "totalLiabilities": "237512533",
        "totalCurrentLiabilities": "130610709",
        "currentAccountsPayable": "54791222",
        "deferredRevenue": "None",
        "currentDebt": "None",
        "shortTermDebt": "64386832",
        "totalNonCurrentLiabilities": "106901823",
        "capitalLeaseObligations": "1140717",
        "longTermDebt": "96652473",
        "currentLongTermDebt": "73832610",
        "longTermDebtNoncurrent": "None",
        "shortLongTermDebtTotal": "149790972",
        "otherCurrentLiabilities": "7010502",
        "otherNonCurrentLiabilities": "13106737",
        "totalShareholderEquity": "45476414",
        "treasuryStock": "None",
        "retainedEarnings": "-18613112",
        "commonStock": "3613",
        "commonStockSharesOutstanding": "36416988"
      },
      {
        "fiscalDateEnding": "2019-06-30",
        "reportedCurrency": "USD",
        "totalAssets": "242467297",
        "totalCurrentAssets": "98208964",
        "cashAndCashEquivalentsAtCarryingValue": "3450873",
        "cashAndShortTermInvestments": "3450873",
        "inventory": "27592582",
        "currentNetReceivables": "59236377",
        "totalNonCurrentAssets": "144258333",
        "propertyPlantEquipment": "42629703",
        "accumulatedDepreciationAmortizationPPE": "0",
        "intangibleAssets": "39616426",
        "intangibleAssetsExcludingGoodwill": "39616426",
        "goodwill": "29804715",
        "investments": "None",
        "longTermInvestments": "24975495",
        "shortTermInvestments": "356233",
        "otherCurrentAssets": "7572899",
        "otherNonCurrentAssets": "None",
        "totalLiabilities": "180372431",
        "totalCurrentLiabilities": "116458133",
        "currentAccountsPayable": "38659189",
        "deferredRevenue": "None",
        "currentDebt": "None",
        "shortTermDebt": "66477209",
        "totalNonCurrentLiabilities": "63914298",
        "capitalLeaseObligations": "1109812",
        "longTermDebt": "84256444",
        "currentLongTermDebt": "63721735",
        "longTermDebtNoncurrent": "None",
        "shortLongTermDebtTotal": "103556730",
        "otherCurrentLiabilities": "9704297",
        "otherNonCurrentLiabilities": "1548829",
        "totalShareholderEquity": "47301863",
        "treasuryStock": "0",
        "retainedEarnings": "-21972287",
        "commonStock": "3613",
        "commonStockSharesOutstanding": "30478390"
      },
      {
        "fiscalDateEnding": "2018-06-30",
        "reportedCurrency": "USD",
        "totalAssets": "196638764",
        "totalCurrentAssets": "85342852",
        "cashAndCashEquivalentsAtCarryingValue": "2215103",
        "cashAndShortTermInvestments": "2215103",
        "inventory": "19366001",
        "currentNetReceivables": "58694159",
        "totalNonCurrentAssets": "111295912",
        "propertyPlantEquipment": "40177146",
        "accumulatedDepreciationAmortizationPPE": "0",
        "intangibleAssets": "26657345",
        "intangibleAssetsExcludingGoodwill": "26657345",
        "goodwill": "14438027",
        "investments": "None",
        "longTermInvestments": "19315413",
        "shortTermInvestments": "12526",
        "otherCurrentAssets": "5055063",
        "otherNonCurrentAssets": "None",
        "totalLiabilities": "163505108",
        "totalCurrentLiabilities": "118680626",
        "currentAccountsPayable": "25715985",
        "deferredRevenue": "None",
        "currentDebt": "None",
        "shortTermDebt": "65308928",
        "totalNonCurrentLiabilities": "44824482",
        "capitalLeaseObligations": "734292",
        "longTermDebt": "25708210",
        "currentLongTermDebt": "47324479",
        "longTermDebtNoncurrent": "None",
        "shortLongTermDebtTotal": "91017138",
        "otherCurrentLiabilities": "26630717",
        "otherNonCurrentLiabilities": "2651019",
        "totalShareholderEquity": "13713484",
        "treasuryStock": "0",
        "retainedEarnings": "-26149583",
        "commonStock": "2810",
        "commonStockSharesOutstanding": "28098117"
      },
      {
        "fiscalDateEnding": "2017-06-30",
        "reportedCurrency": "USD",
        "totalAssets": "239871051",
        "totalCurrentAssets": "87767823",
        "cashAndCashEquivalentsAtCarryingValue": "1679478",
        "cashAndShortTermInvestments": "1679478",
        "inventory": "31338034",
        "currentNetReceivables": "41675918",
        "totalNonCurrentAssets": "152103228",
        "propertyPlantEquipment": "46218875",
        "accumulatedDepreciationAmortizationPPE": "0",
        "intangibleAssets": "42058891",
        "intangibleAssetsExcludingGoodwill": "42058891",
        "goodwill": "25079324",
        "investments": "None",
        "longTermInvestments": "32875228",
        "shortTermInvestments": "4275",
        "otherCurrentAssets": "13070118",
        "otherNonCurrentAssets": "None",
        "totalLiabilities": "160131985",
        "totalCurrentLiabilities": "69387409",
        "currentAccountsPayable": "22281272",
        "deferredRevenue": "None",
        "currentDebt": "None",
        "shortTermDebt": "34037971",
        "totalNonCurrentLiabilities": "90744576",
        "capitalLeaseObligations": "0",
        "longTermDebt": "40952160",
        "currentLongTermDebt": "23239444",
        "longTermDebtNoncurrent": "None",
        "shortLongTermDebtTotal": "74990135",
        "otherCurrentLiabilities": "13068166",
        "otherNonCurrentLiabilities": "0",
        "totalShareholderEquity": "38341621",
        "treasuryStock": "0",
        "retainedEarnings": "-15110050",
        "commonStock": "2810",
        "commonStockSharesOutstanding": "28098117"
      },
      {
        "fiscalDateEnding": "2015-06-30",
        "reportedCurrency": "USD",
        "totalAssets": "20377000",
        "totalCurrentAssets": "None",
        "cashAndCashEquivalentsAtCarryingValue": "2250000",
        "cashAndShortTermInvestments": "2250000",
        "inventory": "971000",
        "currentNetReceivables": "None",
        "totalNonCurrentAssets": "None",
        "propertyPlantEquipment": "4584000",
        "accumulatedDepreciationAmortizationPPE": "None",
        "intangibleAssets": "2147000",
        "intangibleAssetsExcludingGoodwill": "2147000",
        "goodwill": "536000",
        "investments": "None",
        "longTermInvestments": "None",
        "shortTermInvestments": "None",
        "otherCurrentAssets": "463000",
        "otherNonCurrentAssets": "None",
        "totalLiabilities": "11609000",
        "totalCurrentLiabilities": "7941000",
        "currentAccountsPayable": "4422000",
        "deferredRevenue": "None",
        "currentDebt": "None",
        "shortTermDebt": "None",
        "totalNonCurrentLiabilities": "None",
        "capitalLeaseObligations": "None",
        "longTermDebt": "2803000",
        "currentLongTermDebt": "None",
        "longTermDebtNoncurrent": "None",
        "shortLongTermDebtTotal": "None",
        "otherCurrentLiabilities": "2491000",
        "otherNonCurrentLiabilities": "None",
        "totalShareholderEquity": "8419000",
        "treasuryStock": "None",
        "retainedEarnings": "None",
        "commonStock": "6924000",
        "commonStockSharesOutstanding": "None"
      }
    ],
    "quarterlyReports": [
      {
        "fiscalDateEnding": "2025-09-30",
        "reportedCurrency": "USD",
        "totalAssets": "734878067",
        "totalCurrentAssets": "283150286",
        "cashAndCashEquivalentsAtCarryingValue": "15505146",
        "cashAndShortTermInvestments": "15505146",
        "inventory": "89804100",
        "currentNetReceivables": "170708427",
        "totalNonCurrentAssets": "451727781",
        "propertyPlantEquipment": "None",
        "accumulatedDepreciationAmortizationPPE": "None",
        "intangibleAssets": "178641830",
        "intangibleAssetsExcludingGoodwill": "178641830",
        "goodwill": "112163432",
        "investments": "None",
        "longTermInvestments": "39400000",
        "shortTermInvestments": "1107281",
        "otherCurrentAssets": "6025332",
        "otherNonCurrentAssets": "None",
        "totalLiabilities": "455834398",
        "totalCurrentLiabilities": "299715064",
        "currentAccountsPayable": "89807917",
        "deferredRevenue": "None",
        "currentDebt": "None",
        "shortTermDebt": "191883899",
        "totalNonCurrentLiabilities": "156119334",
        "capitalLeaseObligations": "16000000",
        "longTermDebt": "53800000",
        "currentLongTermDebt": "188700000",
        "longTermDebtNoncurrent": "None",
        "shortLongTermDebtTotal": "267738039",
        "otherCurrentLiabilities": "7890499",
        "otherNonCurrentLiabilities": "1000000",
        "totalShareholderEquity": "249380200",
        "treasuryStock": "None",
        "retainedEarnings": "-72371268",
        "commonStock": "6500",
        "commonStockSharesOutstanding": "63428167"
      },
      {
        "fiscalDateEnding": "2025-06-30",
        "reportedCurrency": "USD",
        "totalAssets": "763645080",
        "totalCurrentAssets": "308311497",
        "cashAndCashEquivalentsAtCarryingValue": "32695079",
        "cashAndShortTermInvestments": "32695079",
        "inventory": "89989649",
        "currentNetReceivables": "165859933",
        "totalNonCurrentAssets": "455333583",
        "propertyPlantEquipment": "None",
        "accumulatedDepreciationAmortizationPPE": "None",
        "intangibleAssets": "181173079",
        "intangibleAssetsExcludingGoodwill": "181173079",
        "goodwill": "112163432",
        "investments": "None",
        "longTermInvestments": "39371322",
        "shortTermInvestments": "2040038",
        "otherCurrentAssets": "None",
        "otherNonCurrentAssets": "None",
        "totalLiabilities": "468426518",
        "totalCurrentLiabilities": "337985971",
        "currentAccountsPayable": "91577431",
        "deferredRevenue": "None",
        "currentDebt": "None",
        "shortTermDebt": "None",
        "totalNonCurrentLiabilities": "130440547",
        "capitalLeaseObligations": "16411981",
        "longTermDebt": "38198026",
        "currentLongTermDebt": "221998571",
        "longTermDebtNoncurrent": "None",
        "shortLongTermDebtTotal": "None",
        "otherCurrentLiabilities": "1761274",
        "otherNonCurrentLiabilities": "397774",
        "totalShareholderEquity": "262808684",
        "treasuryStock": "None",
        "retainedEarnings": "-65043383",
        "commonStock": "None",
        "commonStockSharesOutstanding": "63200000"
      },
      {
        "fiscalDateEnding": "2025-03-31",
        "reportedCurrency": "USD",
        "totalAssets": "798214237",
        "totalCurrentAssets": "338207944",
        "cashAndCashEquivalentsAtCarryingValue": "38456989",
        "cashAndShortTermInvestments": "38456989",
        "inventory": "93427051",
        "currentNetReceivables": "198936557",
        "totalNonCurrentAssets": "460006293",
        "propertyPlantEquipment": "None",
        "accumulatedDepreciationAmortizationPPE": "None",
        "intangibleAssets": "181823403",
        "intangibleAssetsExcludingGoodwill": "181823403",
        "goodwill": "112163432",
        "investments": "None",
        "longTermInvestments": "39565258",
        "shortTermInvestments": "889393",
        "otherCurrentAssets": "6497954",
        "otherNonCurrentAssets": "None",
        "totalLiabilities": "453237665",
        "totalCurrentLiabilities": "332309458",
        "currentAccountsPayable": "123602449",
        "deferredRevenue": "None",
        "currentDebt": "None",
        "shortTermDebt": "186714041",
        "totalNonCurrentLiabilities": "120928207",
        "capitalLeaseObligations": "16536564",
        "longTermDebt": "75693161",
        "currentLongTermDebt": "181074252",
        "longTermDebtNoncurrent": "None",
        "shortLongTermDebtTotal": "273303977",
        "otherCurrentLiabilities": "10985184",
        "otherNonCurrentLiabilities": "478212",
        "totalShareholderEquity": "308712543",
        "treasuryStock": "None",
        "retainedEarnings": "-17156979",
        "commonStock": "6500",
        "commonStockSharesOutstanding": "62800000"
      },
      {
        "fiscalDateEnding": "2024-12-31",
        "reportedCurrency": "USD",
        "totalAssets": "835197874",
        "totalCurrentAssets": "382567413",
        "cashAndCashEquivalentsAtCarryingValue": "29176741",
        "cashAndShortTermInvestments": "29176741",
        "inventory": "106208330",
        "currentNetReceivables": "239637568",
        "totalNonCurrentAssets": "452630461",
        "propertyPlantEquipment": "None",
        "accumulatedDepreciationAmortizationPPE": "None",
        "intangibleAssets": "176292048",
        "intangibleAssetsExcludingGoodwill": "176292048",
        "goodwill": "112163432",
        "investments": "None",
        "longTermInvestments": "40800000",
        "shortTermInvestments": "2018893",
        "otherCurrentAssets": "5525881",
        "otherNonCurrentAssets": "None",
        "totalLiabilities": "488866817",
        "totalCurrentLiabilities": "288776374",
        "currentAccountsPayable": "136820456",
        "deferredRevenue": "None",
        "currentDebt": "None",
        "shortTermDebt": "124481191",
        "totalNonCurrentLiabilities": "200090443",
        "capitalLeaseObligations": "16100000",
        "longTermDebt": "150300000",
        "currentLongTermDebt": "119200000",
        "longTermDebtNoncurrent": "None",
        "shortLongTermDebtTotal": "285643784",
        "otherCurrentLiabilities": "11686576",
        "otherNonCurrentLiabilities": "2400000",
        "totalShareholderEquity": "309808203",
        "treasuryStock": "None",
        "retainedEarnings": "-15853056",
        "commonStock": "6500",
        "commonStockSharesOutstanding": "63200000"
      },
      {
        "fiscalDateEnding": "2024-09-30",
        "reportedCurrency": "USD",
        "totalAssets": "827255825",
        "totalCurrentAssets": "377083163",
        "cashAndCashEquivalentsAtCarryingValue": "32278411",
        "cashAndShortTermInvestments": "32278411",
        "inventory": "119227793",
        "currentNetReceivables": "207440678",
        "totalNonCurrentAssets": "450172662",
        "propertyPlantEquipment": "None",
        "accumulatedDepreciationAmortizationPPE": "None",
        "intangibleAssets": "175767283",
        "intangibleAssetsExcludingGoodwill": "175767283",
        "goodwill": "112163432",
        "investments": "None",
        "longTermInvestments": "40600000",
        "shortTermInvestments": "5900198",
        "otherCurrentAssets": "12236083",
        "otherNonCurrentAssets": "None",
        "totalLiabilities": "481230851",
        "totalCurrentLiabilities": "295856088",
        "currentAccountsPayable": "144831089",
        "deferredRevenue": "None",
        "currentDebt": "None",
        "shortTermDebt": "122434306",
        "totalNonCurrentLiabilities": "185374763",
        "capitalLeaseObligations": "16800000",
        "longTermDebt": "128700000",
        "currentLongTermDebt": "121500000",
        "longTermDebtNoncurrent": "None",
        "shortLongTermDebtTotal": "266630200",
        "otherCurrentLiabilities": "14155333",
        "otherNonCurrentLiabilities": "2100000",
        "totalShareholderEquity": "309735546",
        "treasuryStock": "None",
        "retainedEarnings": "-15996591",
        "commonStock": "6500",
        "commonStockSharesOutstanding": "62900000"
      },
      {
        "fiscalDateEnding": "2024-06-30",
        "reportedCurrency": "USD",
        "totalAssets": "850628347",
        "totalCurrentAssets": "408668037",
        "cashAndCashEquivalentsAtCarryingValue": "44473270",
        "cashAndShortTermInvestments": "44473270",
        "inventory": "126223902",
        "currentNetReceivables": "207320974",
        "totalNonCurrentAssets": "441960310",
        "propertyPlantEquipment": "None",
        "accumulatedDepreciationAmortizationPPE": "None",
        "intangibleAssets": "174797456",
        "intangibleAssetsExcludingGoodwill": "174797456",
        "goodwill": "112339265",
        "investments": "None",
        "longTermInvestments": "40420906",
        "shortTermInvestments": "11695528",
        "otherCurrentAssets": "17360211",
        "otherNonCurrentAssets": "None",
        "totalLiabilities": "501063986",
        "totalCurrentLiabilities": "329505846",
        "currentAccountsPayable": "161963080",
        "deferredRevenue": "None",
        "currentDebt": "None",
        "shortTermDebt": "136747198",
        "totalNonCurrentLiabilities": "171558140",
        "capitalLeaseObligations": "11284137",
        "longTermDebt": "122914568",
        "currentLongTermDebt": "136747198",
        "longTermDebtNoncurrent": "None",
        "shortLongTermDebtTotal": "259661766",
        "otherCurrentLiabilities": "26895568",
        "otherNonCurrentLiabilities": "2504473",
        "totalShareholderEquity": "314008930",
        "treasuryStock": "None",
        "retainedEarnings": "-10659656",
        "commonStock": "6500",
        "commonStockSharesOutstanding": "63800000"
      },
      {
        "fiscalDateEnding": "2024-03-31",
        "reportedCurrency": "USD",
        "totalAssets": "836130342",
        "totalCurrentAssets": "407178693",
        "cashAndCashEquivalentsAtCarryingValue": "16361199",
        "cashAndShortTermInvestments": "16361199",
        "inventory": "131110292",
        "currentNetReceivables": "236459111",
        "totalNonCurrentAssets": "428951649",
        "propertyPlantEquipment": "None",
        "accumulatedDepreciationAmortizationPPE": "None",
        "intangibleAssets": "174453875",
        "intangibleAssetsExcludingGoodwill": "174453875",
        "goodwill": "112163432",
        "investments": "None",
        "longTermInvestments": "42700000",
        "shortTermInvestments": "16453083",
        "otherCurrentAssets": "6795008",
        "otherNonCurrentAssets": "None",
        "totalLiabilities": "487600777",
        "totalCurrentLiabilities": "332972358",
        "currentAccountsPayable": "161237202",
        "deferredRevenue": "None",
        "currentDebt": "None",
        "shortTermDebt": "146089003",
        "totalNonCurrentLiabilities": "154628419",
        "capitalLeaseObligations": "27900000",
        "longTermDebt": "98600000",
        "currentLongTermDebt": "144200000",
        "longTermDebtNoncurrent": "None",
        "shortLongTermDebtTotal": "255078529",
        "otherCurrentLiabilities": "10954632",
        "otherNonCurrentLiabilities": "-13000000",
        "totalShareholderEquity": "313354742",
        "treasuryStock": "None",
        "retainedEarnings": "-9128976",
        "commonStock": "6499",
        "commonStockSharesOutstanding": "66800000"
      },
      {
        "fiscalDateEnding": "2023-12-31",
        "reportedCurrency": "USD",
        "totalAssets": "817200000",
        "totalCurrentAssets": "391900000",
        "cashAndCashEquivalentsAtCarryingValue": "24400000",
        "cashAndShortTermInvestments": "24400000",
        "inventory": "124600000",
        "currentNetReceivables": "222048697",
        "totalNonCurrentAssets": "425400000",
        "propertyPlantEquipment": "None",
        "accumulatedDepreciationAmortizationPPE": "None",
        "intangibleAssets": "172700000",
        "intangibleAssetsExcludingGoodwill": "172700000",
        "goodwill": "112200000",
        "investments": "None",
        "longTermInvestments": "42800000",
        "shortTermInvestments": "17000000",
        "otherCurrentAssets": "3851303",
        "otherNonCurrentAssets": "None",
        "totalLiabilities": "482000000",
        "totalCurrentLiabilities": "318200000",
        "currentAccountsPayable": "160305987",
        "deferredRevenue": "None",
        "currentDebt": "None",
        "shortTermDebt": "117537791",
        "totalNonCurrentLiabilities": "167455170",
        "capitalLeaseObligations": "13600000",
        "longTermDebt": "109500000",
        "currentLongTermDebt": "113500000",
        "longTermDebtNoncurrent": "None",
        "shortLongTermDebtTotal": "236600000",
        "otherCurrentLiabilities": "17356844",
        "otherNonCurrentLiabilities": "2800000",
        "totalShareholderEquity": "300500000",
        "treasuryStock": "None",
        "retainedEarnings": "-18386202",
        "commonStock": "6497",
        "commonStockSharesOutstanding": "63877692"
      },
      {
        "fiscalDateEnding": "2023-09-30",
        "reportedCurrency": "USD",
        "totalAssets": "819698061",
        "totalCurrentAssets": "395421211",
        "cashAndCashEquivalentsAtCarryingValue": "28373924",
        "cashAndShortTermInvestments": "28373924",
        "inventory": "144227957",
        "currentNetReceivables": "208191128",
        "totalNonCurrentAssets": "424276850",
        "propertyPlantEquipment": "83449908",
        "accumulatedDepreciationAmortizationPPE": "None",
        "intangibleAssets": "173034536",
        "intangibleAssetsExcludingGoodwill": "173034536",
        "goodwill": "112163432",
        "investments": "None",
        "longTermInvestments": "41300000",
        "shortTermInvestments": "14628202",
        "otherCurrentAssets": "5010022",
        "otherNonCurrentAssets": "None",
        "totalLiabilities": "496359053",
        "totalCurrentLiabilities": "311703528",
        "currentAccountsPayable": "153803148",
        "deferredRevenue": "None",
        "currentDebt": "None",
        "shortTermDebt": "105047874",
        "totalNonCurrentLiabilities": "184655525",
        "capitalLeaseObligations": "13500000",
        "longTermDebt": "125700000",
        "currentLongTermDebt": "100700000",
        "longTermDebtNoncurrent": "None",
        "shortLongTermDebtTotal": "249260363",
        "otherCurrentLiabilities": "19543764",
        "otherNonCurrentLiabilities": "3100000",
        "totalShareholderEquity": "289681080",
        "treasuryStock": "None",
        "retainedEarnings": "-18494651",
        "commonStock": "6493",
        "commonStockSharesOutstanding": "62846690"
      },
      {
        "fiscalDateEnding": "2023-06-30",
        "reportedCurrency": "USD",
        "totalAssets": "818059158",
        "totalCurrentAssets": "397114401",
        "cashAndCashEquivalentsAtCarryingValue": "48129194",
        "cashAndShortTermInvestments": "48129194",
        "inventory": "140573817",
        "currentNetReceivables": "185319539",
        "totalNonCurrentAssets": "420944757",
        "propertyPlantEquipment": "81790410",
        "accumulatedDepreciationAmortizationPPE": "None",
        "intangibleAssets": "173783956",
        "intangibleAssetsExcludingGoodwill": "173783956",
        "goodwill": "112163432",
        "investments": "None",
        "longTermInvestments": "40300000",
        "shortTermInvestments": "11922317",
        "otherCurrentAssets": "11169534",
        "otherNonCurrentAssets": "None",
        "totalLiabilities": "487563051",
        "totalCurrentLiabilities": "298712534",
        "currentAccountsPayable": "146293315",
        "deferredRevenue": "None",
        "currentDebt": "None",
        "shortTermDebt": "111498358",
        "totalNonCurrentLiabilities": "188850517",
        "capitalLeaseObligations": "13900000",
        "longTermDebt": "135900000",
        "currentLongTermDebt": "108900000",
        "longTermDebtNoncurrent": "None",
        "shortLongTermDebtTotal": "257412974",
        "otherCurrentLiabilities": "11975107",
        "otherNonCurrentLiabilities": "8500000",
        "totalShareholderEquity": "298849981",
        "treasuryStock": "None",
        "retainedEarnings": "-13903017",
        "commonStock": "6493",
        "commonStockSharesOutstanding": "62796774"
      },
      {
        "fiscalDateEnding": "2023-03-31",
        "reportedCurrency": "USD",
        "totalAssets": "846802449",
        "totalCurrentAssets": "421244211",
        "cashAndCashEquivalentsAtCarryingValue": "57737138",
        "cashAndShortTermInvestments": "57737138",
        "inventory": "152906380",
        "currentNetReceivables": "186949937",
        "totalNonCurrentAssets": "425558238",
        "propertyPlantEquipment": "None",
        "accumulatedDepreciationAmortizationPPE": "None",
        "intangibleAssets": "174288295",
        "intangibleAssetsExcludingGoodwill": "174288295",
        "goodwill": "122532487",
        "investments": "None",
        "longTermInvestments": "40265692",
        "shortTermInvestments": "12943872",
        "otherCurrentAssets": "10706884",
        "otherNonCurrentAssets": "None",
        "totalLiabilities": "512531309",
        "totalCurrentLiabilities": "302823005",
        "currentAccountsPayable": "145238530",
        "deferredRevenue": "None",
        "currentDebt": "None",
        "shortTermDebt": "111028518",
        "totalNonCurrentLiabilities": "209708304",
        "capitalLeaseObligations": "13794778",
        "longTermDebt": "145125570",
        "currentLongTermDebt": "104986796",
        "longTermDebtNoncurrent": "None",
        "shortLongTermDebtTotal": "263907144",
        "otherCurrentLiabilities": "11638853",
        "otherNonCurrentLiabilities": "8384671",
        "totalShareholderEquity": "301092769",
        "treasuryStock": "None",
        "retainedEarnings": "-12195464",
        "commonStock": "6436",
        "commonStockSharesOutstanding": "63079523"
      },
      {
        "fiscalDateEnding": "2022-12-31",
        "reportedCurrency": "USD",
        "totalAssets": "872851592",
        "totalCurrentAssets": "451220802",
        "cashAndCashEquivalentsAtCarryingValue": "68550022",
        "cashAndShortTermInvestments": "68550022",
        "inventory": "166144808",
        "currentNetReceivables": "197643584",
        "totalNonCurrentAssets": "421630790",
        "propertyPlantEquipment": "76959669",
        "accumulatedDepreciationAmortizationPPE": "None",
        "intangibleAssets": "174412251",
        "intangibleAssetsExcludingGoodwill": "174412251",
        "goodwill": "122532487",
        "investments": "None",
        "longTermInvestments": "39915410",
        "shortTermInvestments": "18882388",
        "otherCurrentAssets": "8090818",
        "otherNonCurrentAssets": "None",
        "totalLiabilities": "575520158",
        "totalCurrentLiabilities": "330594428",
        "currentAccountsPayable": "161334009",
        "deferredRevenue": "None",
        "currentDebt": "None",
        "shortTermDebt": "108470429",
        "totalNonCurrentLiabilities": "244925730",
        "capitalLeaseObligations": "13888601",
        "longTermDebt": "151667332",
        "currentLongTermDebt": "105462623",
        "longTermDebtNoncurrent": "None",
        "shortLongTermDebtTotal": "280303817",
        "otherCurrentLiabilities": "15573407",
        "otherNonCurrentLiabilities": "8467428",
        "totalShareholderEquity": "263362816",
        "treasuryStock": "None",
        "retainedEarnings": "-40341342",
        "commonStock": "6435",
        "commonStockSharesOutstanding": "61657343"
      },
      {
        "fiscalDateEnding": "2022-09-30",
        "reportedCurrency": "USD",
        "totalAssets": "785268163",
        "totalCurrentAssets": "363038058",
        "cashAndCashEquivalentsAtCarryingValue": "47387566",
        "cashAndShortTermInvestments": "47387566",
        "inventory": "149670481",
        "currentNetReceivables": "162049398",
        "totalNonCurrentAssets": "422230105",
        "propertyPlantEquipment": "77102406",
        "accumulatedDepreciationAmortizationPPE": "None",
        "intangibleAssets": "174493490",
        "intangibleAssetsExcludingGoodwill": "174493490",
        "goodwill": "122532487",
        "investments": "None",
        "longTermInvestments": "40703322",
        "shortTermInvestments": "3930613",
        "otherCurrentAssets": "4913287",
        "otherNonCurrentAssets": "None",
        "totalLiabilities": "479743819",
        "totalCurrentLiabilities": "243322436",
        "currentAccountsPayable": "133160437",
        "deferredRevenue": "None",
        "currentDebt": "None",
        "shortTermDebt": "78441448",
        "totalNonCurrentLiabilities": "236421382",
        "capitalLeaseObligations": "14285357",
        "longTermDebt": "153141044",
        "currentLongTermDebt": "74733602",
        "longTermDebtNoncurrent": "None",
        "shortLongTermDebtTotal": "252383966",
        "otherCurrentLiabilities": "18985366",
        "otherNonCurrentLiabilities": "11502897",
        "totalShareholderEquity": "271230736",
        "treasuryStock": "None",
        "retainedEarnings": "-32184596",
        "commonStock": "6436",
        "commonStockSharesOutstanding": "61736679"
      },
      {
        "fiscalDateEnding": "2022-06-30",
        "reportedCurrency": "USD",
        "totalAssets": "518220361",
        "totalCurrentAssets": "297705126",
        "cashAndCashEquivalentsAtCarryingValue": "33475266",
        "cashAndShortTermInvestments": "33475266",
        "inventory": "126101435",
        "currentNetReceivables": "128079128",
        "totalNonCurrentAssets": "220515235",
        "propertyPlantEquipment": "62052351",
        "accumulatedDepreciationAmortizationPPE": "None",
        "intangibleAssets": "76704869",
        "intangibleAssetsExcludingGoodwill": "76704869",
        "goodwill": "36073685",
        "investments": "None",
        "longTermInvestments": "39173933",
        "shortTermInvestments": "5136010",
        "otherCurrentAssets": "4913287",
        "otherNonCurrentAssets": "None",
        "totalLiabilities": "359921513",
        "totalCurrentLiabilities": "222665752",
        "currentAccountsPayable": "124450651",
        "deferredRevenue": "None",
        "currentDebt": "None",
        "shortTermDebt": "72714372",
        "totalNonCurrentLiabilities": "137255761",
        "capitalLeaseObligations": "11751284",
        "longTermDebt": "86736240",
        "currentLongTermDebt": "78588637",
        "longTermDebtNoncurrent": "None",
        "shortLongTermDebtTotal": "169788992",
        "otherCurrentLiabilities": "10800881",
        "otherNonCurrentLiabilities": "14090970",
        "totalShareholderEquity": "127614466",
        "treasuryStock": "None",
        "retainedEarnings": "-32682893",
        "commonStock": "4637",
        "commonStockSharesOutstanding": "45870346"
      },
      {
        "fiscalDateEnding": "2022-03-31",
        "reportedCurrency": "None",
        "totalAssets": "503579153",
        "totalCurrentAssets": "296953621",
        "cashAndCashEquivalentsAtCarryingValue": "39041287",
        "cashAndShortTermInvestments": "39041287",
        "inventory": "124549762",
        "currentNetReceivables": "126577552",
        "totalNonCurrentAssets": "206625532",
        "propertyPlantEquipment": "None",
        "accumulatedDepreciationAmortizationPPE": "None",
        "intangibleAssets": "75714907",
        "intangibleAssetsExcludingGoodwill": "75714907",
        "goodwill": "34688835",
        "investments": "None",
        "longTermInvestments": "None",
        "shortTermInvestments": "1953163",
        "otherCurrentAssets": "4831857",
        "otherNonCurrentAssets": "None",
        "totalLiabilities": "386518582",
        "totalCurrentLiabilities": "255148659",
        "currentAccountsPayable": "120780547",
        "deferredRevenue": "None",
        "currentDebt": "None",
        "shortTermDebt": "114780933",
        "totalNonCurrentLiabilities": "131369923",
        "capitalLeaseObligations": "None",
        "longTermDebt": "None",
        "currentLongTermDebt": "None",
        "longTermDebtNoncurrent": "None",
        "shortLongTermDebtTotal": "206371789",
        "otherCurrentLiabilities": "8841421",
        "otherNonCurrentLiabilities": "None",
        "totalShareholderEquity": "88306816",
        "treasuryStock": "None",
        "retainedEarnings": "-27668766",
        "commonStock": "4170",
        "commonStockSharesOutstanding": "41138527"
      },
      {
        "fiscalDateEnding": "2021-12-31",
        "reportedCurrency": "USD",
        "totalAssets": "469639562",
        "totalCurrentAssets": "272038956",
        "cashAndCashEquivalentsAtCarryingValue": "36366131",
        "cashAndShortTermInvestments": "36366131",
        "inventory": "95451632",
        "currentNetReceivables": "131802688",
        "totalNonCurrentAssets": "197600606",
        "propertyPlantEquipment": "50435163",
        "accumulatedDepreciationAmortizationPPE": "None",
        "intangibleAssets": "72563018",
        "intangibleAssetsExcludingGoodwill": "72563018",
        "goodwill": "32288120",
        "investments": "None",
        "longTermInvestments": "34887116",
        "shortTermInvestments": "3362346",
        "otherCurrentAssets": "4810865",
        "otherNonCurrentAssets": "None",
        "totalLiabilities": "358229961",
        "totalCurrentLiabilities": "180151507",
        "currentAccountsPayable": "103603543",
        "deferredRevenue": "None",
        "currentDebt": "None",
        "shortTermDebt": "48865903",
        "totalNonCurrentLiabilities": "178078454",
        "capitalLeaseObligations": "1205745",
        "longTermDebt": "139628560",
        "currentLongTermDebt": "48141499",
        "longTermDebtNoncurrent": "None",
        "shortLongTermDebtTotal": "189064968",
        "otherCurrentLiabilities": "6745782",
        "otherNonCurrentLiabilities": "13059244",
        "totalShareholderEquity": "84156819",
        "treasuryStock": "None",
        "retainedEarnings": "-21182045",
        "commonStock": "4158",
        "commonStockSharesOutstanding": "42403196"
      },
      {
        "fiscalDateEnding": "2021-09-30",
        "reportedCurrency": "USD",
        "totalAssets": "452300471",
        "totalCurrentAssets": "263654377",
        "cashAndCashEquivalentsAtCarryingValue": "36631549",
        "cashAndShortTermInvestments": "36631549",
        "inventory": "110430922",
        "currentNetReceivables": "107783445",
        "totalNonCurrentAssets": "188646094",
        "propertyPlantEquipment": "49485897",
        "accumulatedDepreciationAmortizationPPE": "None",
        "intangibleAssets": "70287443",
        "intangibleAssetsExcludingGoodwill": "70287443",
        "goodwill": "30468839",
        "investments": "None",
        "longTermInvestments": "32812817",
        "shortTermInvestments": "5031211",
        "otherCurrentAssets": "3777250",
        "otherNonCurrentAssets": "None",
        "totalLiabilities": "354457500",
        "totalCurrentLiabilities": "202375585",
        "currentAccountsPayable": "111312247",
        "deferredRevenue": "None",
        "currentDebt": "None",
        "shortTermDebt": "67374544",
        "totalNonCurrentLiabilities": "152081915",
        "capitalLeaseObligations": "1209067",
        "longTermDebt": "112834785",
        "currentLongTermDebt": "66655578",
        "longTermDebtNoncurrent": "None",
        "shortLongTermDebtTotal": "180699430",
        "otherCurrentLiabilities": "5628209",
        "otherNonCurrentLiabilities": "13352215",
        "totalShareholderEquity": "73748044",
        "treasuryStock": "None",
        "retainedEarnings": "-24609138",
        "commonStock": "4158",
        "commonStockSharesOutstanding": "42376794"
      },
      {
        "fiscalDateEnding": "2021-06-30",
        "reportedCurrency": "USD",
        "totalAssets": "394589957",
        "totalCurrentAssets": "211489658",
        "cashAndCashEquivalentsAtCarryingValue": "36046113",
        "cashAndShortTermInvestments": "36046113",
        "inventory": "63353389",
        "currentNetReceivables": "99149519",
        "totalNonCurrentAssets": "183100299",
        "propertyPlantEquipment": "52357047",
        "accumulatedDepreciationAmortizationPPE": "None",
        "intangibleAssets": "67342362",
        "intangibleAssetsExcludingGoodwill": "67342362",
        "goodwill": "28751206",
        "investments": "None",
        "longTermInvestments": "36643203",
        "shortTermInvestments": "10735422",
        "otherCurrentAssets": "2205215",
        "otherNonCurrentAssets": "None",
        "totalLiabilities": "304299653",
        "totalCurrentLiabilities": "168037855",
        "currentAccountsPayable": "69305124",
        "deferredRevenue": "None",
        "currentDebt": "None",
        "shortTermDebt": "77536165",
        "totalNonCurrentLiabilities": "136261798",
        "capitalLeaseObligations": "1378711",
        "longTermDebt": "91050921",
        "currentLongTermDebt": "113942157",
        "longTermDebtNoncurrent": "None",
        "shortLongTermDebtTotal": "174579054",
        "otherCurrentLiabilities": "4909417",
        "otherNonCurrentLiabilities": "13197679",
        "totalShareholderEquity": "67743242",
        "treasuryStock": "None",
        "retainedEarnings": "-25483275",
        "commonStock": "4158",
        "commonStockSharesOutstanding": "41104087"
      },
      {
        "fiscalDateEnding": "2021-03-31",
        "reportedCurrency": "USD",
        "totalAssets": "361213545",
        "totalCurrentAssets": "193796291",
        "cashAndCashEquivalentsAtCarryingValue": "21597426",
        "cashAndShortTermInvestments": "21597426",
        "inventory": "57795199",
        "currentNetReceivables": "86801668",
        "totalNonCurrentAssets": "167417254",
        "propertyPlantEquipment": "43926133",
        "accumulatedDepreciationAmortizationPPE": "None",
        "intangibleAssets": "61093033",
        "intangibleAssetsExcludingGoodwill": "61093033",
        "goodwill": "26480645",
        "investments": "None",
        "longTermInvestments": "29621959",
        "shortTermInvestments": "27601998",
        "otherCurrentAssets": "1634597",
        "otherNonCurrentAssets": "None",
        "totalLiabilities": "283529466",
        "totalCurrentLiabilities": "157094738",
        "currentAccountsPayable": "56915894",
        "deferredRevenue": "None",
        "currentDebt": "None",
        "shortTermDebt": "85922454",
        "totalNonCurrentLiabilities": "126434728",
        "capitalLeaseObligations": "935738",
        "longTermDebt": "97938245",
        "currentLongTermDebt": "85415020",
        "longTermDebtNoncurrent": "None",
        "shortLongTermDebtTotal": "184991984",
        "otherCurrentLiabilities": "7310013",
        "otherNonCurrentLiabilities": "8904617",
        "totalShareholderEquity": "60323804",
        "treasuryStock": "None",
        "retainedEarnings": "-26116961",
        "commonStock": "4061",
        "commonStockSharesOutstanding": "38756606"
      },
      {
        "fiscalDateEnding": "2020-12-31",
        "reportedCurrency": "USD",
        "totalAssets": "345733961",
        "totalCurrentAssets": "185865377",
        "cashAndCashEquivalentsAtCarryingValue": "19130206",
        "cashAndShortTermInvestments": "19130206",
        "inventory": "54583012",
        "currentNetReceivables": "90221945",
        "totalNonCurrentAssets": "159868584",
        "propertyPlantEquipment": "43015687",
        "accumulatedDepreciationAmortizationPPE": "None",
        "intangibleAssets": "57781483",
        "intangibleAssetsExcludingGoodwill": "57781483",
        "goodwill": "25612752",
        "investments": "None",
        "longTermInvestments": "25600000",
        "shortTermInvestments": "16930214",
        "otherCurrentAssets": "5000000",
        "otherNonCurrentAssets": "None",
        "totalLiabilities": "268586210",
        "totalCurrentLiabilities": "165150462",
        "currentAccountsPayable": "60148275",
        "deferredRevenue": "None",
        "currentDebt": "None",
        "shortTermDebt": "90053162",
        "totalNonCurrentLiabilities": "103435747",
        "capitalLeaseObligations": "900000",
        "longTermDebt": "75100000",
        "currentLongTermDebt": "89500000",
        "longTermDebtNoncurrent": "None",
        "shortLongTermDebtTotal": "166307473",
        "otherCurrentLiabilities": "7239508",
        "otherNonCurrentLiabilities": "9200000",
        "totalShareholderEquity": "60564570",
        "treasuryStock": "None",
        "retainedEarnings": "-24936477",
        "commonStock": "4061",
        "commonStockSharesOutstanding": "39038280"
      },
      {
        "fiscalDateEnding": "2020-09-30",
        "reportedCurrency": "USD",
        "totalAssets": "309489742",
        "totalCurrentAssets": "173287345",
        "cashAndCashEquivalentsAtCarryingValue": "29988636",
        "cashAndShortTermInvestments": "29988636",
        "inventory": "34856222",
        "currentNetReceivables": "70932176",
        "totalNonCurrentAssets": "136202397",
        "propertyPlantEquipment": "42989355",
        "accumulatedDepreciationAmortizationPPE": "None",
        "intangibleAssets": "35401597",
        "intangibleAssetsExcludingGoodwill": "35401597",
        "goodwill": "25411939",
        "investments": "None",
        "longTermInvestments": "25304045",
        "shortTermInvestments": "24603198",
        "otherCurrentAssets": "13214608",
        "otherNonCurrentAssets": "None",
        "totalLiabilities": "248337498",
        "totalCurrentLiabilities": "127691065",
        "currentAccountsPayable": "49891852",
        "deferredRevenue": "None",
        "currentDebt": "None",
        "shortTermDebt": "62533847",
        "totalNonCurrentLiabilities": "120646433",
        "capitalLeaseObligations": "864584",
        "longTermDebt": "101130057",
        "currentLongTermDebt": "62013941",
        "longTermDebtNoncurrent": "None",
        "shortLongTermDebtTotal": "164008582",
        "otherCurrentLiabilities": "7612901",
        "otherNonCurrentLiabilities": "1663062",
        "totalShareholderEquity": "45782421",
        "treasuryStock": "None",
        "retainedEarnings": "-25584670",
        "commonStock": "3873",
        "commonStockSharesOutstanding": "36367953"
      },
      {
        "fiscalDateEnding": "2020-06-30",
        "reportedCurrency": "USD",
        "totalAssets": "297561369",
        "totalCurrentAssets": "164693055",
        "cashAndCashEquivalentsAtCarryingValue": "27159421",
        "cashAndShortTermInvestments": "27159421",
        "inventory": "30765927",
        "currentNetReceivables": "77839224",
        "totalNonCurrentAssets": "132868314",
        "propertyPlantEquipment": "42629703",
        "accumulatedDepreciationAmortizationPPE": "None",
        "intangibleAssets": "35333464",
        "intangibleAssetsExcludingGoodwill": "35333464",
        "goodwill": "25526855",
        "investments": "None",
        "longTermInvestments": "24975495",
        "shortTermInvestments": "28799833",
        "otherCurrentAssets": "128650",
        "otherNonCurrentAssets": "None",
        "totalLiabilities": "237512533",
        "totalCurrentLiabilities": "130610709",
        "currentAccountsPayable": "54791222",
        "deferredRevenue": "None",
        "currentDebt": "None",
        "shortTermDebt": "64386832",
        "totalNonCurrentLiabilities": "106901823",
        "capitalLeaseObligations": "1109812",
        "longTermDebt": "84256444",
        "currentLongTermDebt": "63721735",
        "longTermDebtNoncurrent": "None",
        "shortLongTermDebtTotal": "149790972",
        "otherCurrentLiabilities": "7010502",
        "otherNonCurrentLiabilities": "1548829",
        "totalShareholderEquity": "45476414",
        "treasuryStock": "None",
        "retainedEarnings": "-18613112",
        "commonStock": "3613",
        "commonStockSharesOutstanding": "36115416"
      },
      {
        "fiscalDateEnding": "2020-03-31",
        "reportedCurrency": "USD",
        "totalAssets": "285608834",
        "totalCurrentAssets": "152283181",
        "cashAndCashEquivalentsAtCarryingValue": "52558101",
        "cashAndShortTermInvestments": "52558101",
        "inventory": "29996446",
        "currentNetReceivables": "67838469",
        "totalNonCurrentAssets": "133325652",
        "propertyPlantEquipment": "42441027",
        "accumulatedDepreciationAmortizationPPE": "None",
        "intangibleAssets": "35241208",
        "intangibleAssetsExcludingGoodwill": "35241208",
        "goodwill": "26503798",
        "investments": "None",
        "longTermInvestments": "24624085",
        "shortTermInvestments": "1702285",
        "otherCurrentAssets": "187880",
        "otherNonCurrentAssets": "None",
        "totalLiabilities": "227460912",
        "totalCurrentLiabilities": "125481680",
        "currentAccountsPayable": "49919497",
        "deferredRevenue": "None",
        "currentDebt": "None",
        "shortTermDebt": "68265723",
        "totalNonCurrentLiabilities": "101979232",
        "capitalLeaseObligations": "893452",
        "longTermDebt": "79999657",
        "currentLongTermDebt": "67689128",
        "longTermDebtNoncurrent": "None",
        "shortLongTermDebtTotal": "149285218",
        "otherCurrentLiabilities": "5676080",
        "otherNonCurrentLiabilities": "None",
        "totalShareholderEquity": "44278040",
        "treasuryStock": "None",
        "retainedEarnings": "-20828516",
        "commonStock": "3613",
        "commonStockSharesOutstanding": "36120517"
      },
      {
        "fiscalDateEnding": "2019-12-31",
        "reportedCurrency": "USD",
        "totalAssets": "261578661",
        "totalCurrentAssets": "129067403",
        "cashAndCashEquivalentsAtCarryingValue": "9449867",
        "cashAndShortTermInvestments": "9449867",
        "inventory": "31907682",
        "currentNetReceivables": "81001926",
        "totalNonCurrentAssets": "132511258",
        "propertyPlantEquipment": "42393865",
        "accumulatedDepreciationAmortizationPPE": "None",
        "intangibleAssets": "35298224",
        "intangibleAssetsExcludingGoodwill": "35298224",
        "goodwill": "26468268",
        "investments": "None",
        "longTermInvestments": "24605596",
        "shortTermInvestments": "6137444",
        "otherCurrentAssets": "570484",
        "otherNonCurrentAssets": "None",
        "totalLiabilities": "200506662",
        "totalCurrentLiabilities": "139620069",
        "currentAccountsPayable": "55356154",
        "deferredRevenue": "None",
        "currentDebt": "None",
        "shortTermDebt": "71741133",
        "totalNonCurrentLiabilities": "60886593",
        "capitalLeaseObligations": "1185812",
        "longTermDebt": "40082075",
        "currentLongTermDebt": "71083500",
        "longTermDebtNoncurrent": "None",
        "shortLongTermDebtTotal": "112351387",
        "otherCurrentLiabilities": "4664192",
        "otherNonCurrentLiabilities": "200459",
        "totalShareholderEquity": "46741879",
        "treasuryStock": "None",
        "retainedEarnings": "-17707783",
        "commonStock": "3613",
        "commonStockSharesOutstanding": "36120517"
      },
      {
        "fiscalDateEnding": "2019-09-30",
        "reportedCurrency": "USD",
        "totalAssets": "233070938",
        "totalCurrentAssets": "107957984",
        "cashAndCashEquivalentsAtCarryingValue": "5496780",
        "cashAndShortTermInvestments": "5496780",
        "inventory": "35252373",
        "currentNetReceivables": "58323618",
        "totalNonCurrentAssets": "125112954",
        "propertyPlantEquipment": "41784708",
        "accumulatedDepreciationAmortizationPPE": "None",
        "intangibleAssets": "33561832",
        "intangibleAssetsExcludingGoodwill": "33561832",
        "goodwill": "24594582",
        "investments": "None",
        "longTermInvestments": "22193591",
        "shortTermInvestments": "521292",
        "otherCurrentAssets": "9039556",
        "otherNonCurrentAssets": "None",
        "totalLiabilities": "191556758",
        "totalCurrentLiabilities": "136351705",
        "currentAccountsPayable": "52722000",
        "deferredRevenue": "None",
        "currentDebt": "None",
        "shortTermDebt": "65578486",
        "totalNonCurrentLiabilities": "55205053",
        "capitalLeaseObligations": "1266210",
        "longTermDebt": "32552464",
        "currentLongTermDebt": "64849130",
        "longTermDebtNoncurrent": "None",
        "shortLongTermDebtTotal": "98667804",
        "otherCurrentLiabilities": "9145786",
        "otherNonCurrentLiabilities": "None",
        "totalShareholderEquity": "29386177",
        "treasuryStock": "None",
        "retainedEarnings": "-29022664",
        "commonStock": "3613",
        "commonStockSharesOutstanding": "36120517"
      },
      {
        "fiscalDateEnding": "2019-06-30",
        "reportedCurrency": "USD",
        "totalAssets": "233070938",
        "totalCurrentAssets": "107957984",
        "cashAndCashEquivalentsAtCarryingValue": "5496780",
        "cashAndShortTermInvestments": "5496780",
        "inventory": "35252373",
        "currentNetReceivables": "61939636",
        "totalNonCurrentAssets": "125112954",
        "propertyPlantEquipment": "43834548",
        "accumulatedDepreciationAmortizationPPE": "0",
        "intangibleAssets": "33561832",
        "intangibleAssetsExcludingGoodwill": "33561832",
        "goodwill": "24594582",
        "investments": "None",
        "longTermInvestments": "25697441",
        "shortTermInvestments": "521292",
        "otherCurrentAssets": "4747903",
        "otherNonCurrentAssets": "None",
        "totalLiabilities": "191556758",
        "totalCurrentLiabilities": "136351705",
        "currentAccountsPayable": "50462528",
        "deferredRevenue": "None",
        "currentDebt": "None",
        "shortTermDebt": "65578486",
        "totalNonCurrentLiabilities": "55205053",
        "capitalLeaseObligations": "848817",
        "longTermDebt": "36616651",
        "currentLongTermDebt": "66091262",
        "longTermDebtNoncurrent": "None",
        "shortLongTermDebtTotal": "102658006",
        "otherCurrentLiabilities": "13186586",
        "otherNonCurrentLiabilities": "0",
        "totalShareholderEquity": "29386177",
        "treasuryStock": "0",
        "retainedEarnings": "-29022664",
        "commonStock": "3613",
        "commonStockSharesOutstanding": "36120517"
      },
      {
        "fiscalDateEnding": "2019-03-31",
        "reportedCurrency": "USD",
        "totalAssets": "233094050",
        "totalCurrentAssets": "110477161",
        "cashAndCashEquivalentsAtCarryingValue": "6139337",
        "cashAndShortTermInvestments": "6139337",
        "inventory": "23240074",
        "currentNetReceivables": "73199383",
        "totalNonCurrentAssets": "122616889",
        "propertyPlantEquipment": "39955870",
        "accumulatedDepreciationAmortizationPPE": "0",
        "intangibleAssets": "33913458",
        "intangibleAssetsExcludingGoodwill": "33913458",
        "goodwill": "20937480",
        "investments": "None",
        "longTermInvestments": "25977977",
        "shortTermInvestments": "1001944",
        "otherCurrentAssets": "6896423",
        "otherNonCurrentAssets": "None",
        "totalLiabilities": "182363591",
        "totalCurrentLiabilities": "144722570",
        "currentAccountsPayable": "36865028",
        "deferredRevenue": "None",
        "currentDebt": "None",
        "shortTermDebt": "95177237",
        "totalNonCurrentLiabilities": "37641021",
        "capitalLeaseObligations": "781763",
        "longTermDebt": "16938560",
        "currentLongTermDebt": "94843308",
        "longTermDebtNoncurrent": "None",
        "shortLongTermDebtTotal": "112115797",
        "otherCurrentLiabilities": "11780170",
        "otherNonCurrentLiabilities": "1995995",
        "totalShareholderEquity": "37130349",
        "treasuryStock": "0",
        "retainedEarnings": "-20848945",
        "commonStock": "3613",
        "commonStockSharesOutstanding": "29630486"
      },
      {
        "fiscalDateEnding": "2018-12-31",
        "reportedCurrency": "USD",
        "totalAssets": "118321841",
        "totalCurrentAssets": "457292",
        "cashAndCashEquivalentsAtCarryingValue": "337004",
        "cashAndShortTermInvestments": "337004",
        "inventory": "23240074",
        "currentNetReceivables": "73199383",
        "totalNonCurrentAssets": "117864549",
        "propertyPlantEquipment": "42703380",
        "accumulatedDepreciationAmortizationPPE": "0",
        "intangibleAssets": "33913458",
        "intangibleAssetsExcludingGoodwill": "33913458",
        "goodwill": "20937480",
        "investments": "None",
        "longTermInvestments": "27491153",
        "shortTermInvestments": "1001944",
        "otherCurrentAssets": "6896423",
        "otherNonCurrentAssets": "None",
        "totalLiabilities": "92252",
        "totalCurrentLiabilities": "92252",
        "currentAccountsPayable": "92252",
        "deferredRevenue": "None",
        "currentDebt": "None",
        "shortTermDebt": "95177237",
        "totalNonCurrentLiabilities": "37641021",
        "capitalLeaseObligations": "0",
        "longTermDebt": "18026400",
        "currentLongTermDebt": "49773964",
        "longTermDebtNoncurrent": "None",
        "shortLongTermDebtTotal": "113203637",
        "otherCurrentLiabilities": "-96077372",
        "otherNonCurrentLiabilities": "0",
        "totalShareholderEquity": "118229589",
        "treasuryStock": "0",
        "retainedEarnings": "729586",
        "commonStock": "113229915",
        "commonStockSharesOutstanding": "3272313"
      },
      {
        "fiscalDateEnding": "2018-09-30",
        "reportedCurrency": "USD",
        "totalAssets": "118067723",
        "totalCurrentAssets": "812684",
        "cashAndCashEquivalentsAtCarryingValue": "584786",
        "cashAndShortTermInvestments": "584786",
        "inventory": "25089935",
        "currentNetReceivables": "73199383",
        "totalNonCurrentAssets": "117255039",
        "propertyPlantEquipment": "37441647",
        "accumulatedDepreciationAmortizationPPE": "0",
        "intangibleAssets": "29873603",
        "intangibleAssetsExcludingGoodwill": "29873603",
        "goodwill": "17838269",
        "investments": "None",
        "longTermInvestments": "22794328",
        "shortTermInvestments": "8766",
        "otherCurrentAssets": "227898",
        "otherNonCurrentAssets": "None",
        "totalLiabilities": "69595",
        "totalCurrentLiabilities": "69595",
        "currentAccountsPayable": "69595",
        "deferredRevenue": "None",
        "currentDebt": "None",
        "shortTermDebt": "71235483",
        "totalNonCurrentLiabilities": "36770239",
        "capitalLeaseObligations": "0",
        "longTermDebt": "21403969",
        "currentLongTermDebt": "44885681",
        "longTermDebtNoncurrent": "None",
        "shortLongTermDebtTotal": "92719048",
        "otherCurrentLiabilities": "-71235483",
        "otherNonCurrentLiabilities": "0",
        "totalShareholderEquity": "117998128",
        "treasuryStock": "0",
        "retainedEarnings": "498125",
        "commonStock": "112998449",
        "commonStockSharesOutstanding": "3272313"
      },
      {
        "fiscalDateEnding": "2018-06-30",
        "reportedCurrency": "USD",
        "totalAssets": "117794293",
        "totalCurrentAssets": "1067805",
        "cashAndCashEquivalentsAtCarryingValue": "886180",
        "cashAndShortTermInvestments": "886180",
        "inventory": "19366000",
        "currentNetReceivables": "None",
        "totalNonCurrentAssets": "116726488",
        "propertyPlantEquipment": "None",
        "accumulatedDepreciationAmortizationPPE": "None",
        "intangibleAssets": "26657345",
        "intangibleAssetsExcludingGoodwill": "26657345",
        "goodwill": "14438027",
        "investments": "None",
        "longTermInvestments": "None",
        "shortTermInvestments": "12526",
        "otherCurrentAssets": "181625",
        "otherNonCurrentAssets": "None",
        "totalLiabilities": "100578",
        "totalCurrentLiabilities": "100578",
        "currentAccountsPayable": "100378",
        "deferredRevenue": "None",
        "currentDebt": "None",
        "shortTermDebt": "65028901",
        "totalNonCurrentLiabilities": "44824482",
        "capitalLeaseObligations": "None",
        "longTermDebt": "None",
        "currentLongTermDebt": "None",
        "longTermDebtNoncurrent": "None",
        "shortLongTermDebtTotal": "90737105",
        "otherCurrentLiabilities": "-65028701",
        "otherNonCurrentLiabilities": "None",
        "totalShareholderEquity": "117693715",
        "treasuryStock": "None",
        "retainedEarnings": "193712",
        "commonStock": "112694036",
        "commonStockSharesOutstanding": "3257897"
      },
      {
        "fiscalDateEnding": "2018-03-31",
        "reportedCurrency": "USD",
        "totalAssets": "117460169",
        "totalCurrentAssets": "1190772",
        "cashAndCashEquivalentsAtCarryingValue": "974889",
        "cashAndShortTermInvestments": "974889",
        "inventory": "None",
        "currentNetReceivables": "None",
        "totalNonCurrentAssets": "116269397",
        "propertyPlantEquipment": "None",
        "accumulatedDepreciationAmortizationPPE": "None",
        "intangibleAssets": "None",
        "intangibleAssetsExcludingGoodwill": "None",
        "goodwill": "None",
        "investments": "None",
        "longTermInvestments": "None",
        "shortTermInvestments": "None",
        "otherCurrentAssets": "215883",
        "otherNonCurrentAssets": "None",
        "totalLiabilities": "62005",
        "totalCurrentLiabilities": "62005",
        "currentAccountsPayable": "61805",
        "deferredRevenue": "None",
        "currentDebt": "None",
        "shortTermDebt": "None",
        "totalNonCurrentLiabilities": "61805",
        "capitalLeaseObligations": "None",
        "longTermDebt": "None",
        "currentLongTermDebt": "None",
        "longTermDebtNoncurrent": "None",
        "shortLongTermDebtTotal": "None",
        "otherCurrentLiabilities": "200",
        "otherNonCurrentLiabilities": "None",
        "totalShareholderEquity": "117398164",
        "treasuryStock": "None",
        "retainedEarnings": "-101839",
        "commonStock": "112398488",
        "commonStockSharesOutstanding": "2989004"
      },
      {
        "fiscalDateEnding": "2017-12-31",
        "reportedCurrency": "USD",
        "totalAssets": "67500",
        "totalCurrentAssets": "25000",
        "cashAndCashEquivalentsAtCarryingValue": "25000",
        "cashAndShortTermInvestments": "25000",
        "inventory": "None",
        "currentNetReceivables": "None",
        "totalNonCurrentAssets": "42500",
        "propertyPlantEquipment": "None",
        "accumulatedDepreciationAmortizationPPE": "None",
        "intangibleAssets": "None",
        "intangibleAssetsExcludingGoodwill": "None",
        "goodwill": "None",
        "investments": "None",
        "longTermInvestments": "None",
        "shortTermInvestments": "None",
        "otherCurrentAssets": "None",
        "otherNonCurrentAssets": "None",
        "totalLiabilities": "55265",
        "totalCurrentLiabilities": "55265",
        "currentAccountsPayable": "None",
        "deferredRevenue": "None",
        "currentDebt": "None",
        "shortTermDebt": "42670",
        "totalNonCurrentLiabilities": "None",
        "capitalLeaseObligations": "None",
        "longTermDebt": "None",
        "currentLongTermDebt": "None",
        "longTermDebtNoncurrent": "None",
        "shortLongTermDebtTotal": "42670",
        "otherCurrentLiabilities": "12595",
        "otherNonCurrentLiabilities": "None",
        "totalShareholderEquity": "12235",
        "treasuryStock": "None",
        "retainedEarnings": "-12765",
        "commonStock": "288",
        "commonStockSharesOutstanding": "14375000"
      },
      {
        "fiscalDateEnding": "2017-09-30",
        "reportedCurrency": "USD",
        "totalAssets": "67500",
        "totalCurrentAssets": "1683753",
        "cashAndCashEquivalentsAtCarryingValue": "-1683753",
        "cashAndShortTermInvestments": "-1683753",
        "inventory": "0",
        "currentNetReceivables": "0",
        "totalNonCurrentAssets": "-1683753",
        "propertyPlantEquipment": "0",
        "accumulatedDepreciationAmortizationPPE": "None",
        "intangibleAssets": "0",
        "intangibleAssetsExcludingGoodwill": "0",
        "goodwill": "0",
        "investments": "None",
        "longTermInvestments": "0",
        "shortTermInvestments": "3367506",
        "otherCurrentAssets": "0",
        "otherNonCurrentAssets": "None",
        "totalLiabilities": "55265",
        "totalCurrentLiabilities": "55265",
        "currentAccountsPayable": "0",
        "deferredRevenue": "None",
        "currentDebt": "None",
        "shortTermDebt": "42670",
        "totalNonCurrentLiabilities": "42670",
        "capitalLeaseObligations": "None",
        "longTermDebt": "0",
        "currentLongTermDebt": "0",
        "longTermDebtNoncurrent": "None",
        "shortLongTermDebtTotal": "42670",
        "otherCurrentLiabilities": "12595",
        "otherNonCurrentLiabilities": "None",
        "totalShareholderEquity": "79739066",
        "treasuryStock": "0",
        "retainedEarnings": "-12765",
        "commonStock": "288",
        "commonStockSharesOutstanding": "None"
      },
      {
        "fiscalDateEnding": "2015-06-30",
        "reportedCurrency": "USD",
        "totalAssets": "20702000",
        "totalCurrentAssets": "None",
        "cashAndCashEquivalentsAtCarryingValue": "101000",
        "cashAndShortTermInvestments": "101000",
        "inventory": "2390000",
        "currentNetReceivables": "None",
        "totalNonCurrentAssets": "None",
        "propertyPlantEquipment": "4365000",
        "accumulatedDepreciationAmortizationPPE": "None",
        "intangibleAssets": "2161000",
        "intangibleAssetsExcludingGoodwill": "2161000",
        "goodwill": "536000",
        "investments": "None",
        "longTermInvestments": "None",
        "shortTermInvestments": "976000",
        "otherCurrentAssets": "1230000",
        "otherNonCurrentAssets": "None",
        "totalLiabilities": "10962000",
        "totalCurrentLiabilities": "7499000",
        "currentAccountsPayable": "4085000",
        "deferredRevenue": "None",
        "currentDebt": "None",
        "shortTermDebt": "None",
        "totalNonCurrentLiabilities": "None",
        "capitalLeaseObligations": "None",
        "longTermDebt": "2703000",
        "currentLongTermDebt": "None",
        "longTermDebtNoncurrent": "None",
        "shortLongTermDebtTotal": "None",
        "otherCurrentLiabilities": "1975000",
        "otherNonCurrentLiabilities": "None",
        "totalShareholderEquity": "9566000",
        "treasuryStock": "None",
        "retainedEarnings": "None",
        "commonStock": "6969000",
        "commonStockSharesOutstanding": "None"
      },
      {
        "fiscalDateEnding": "2014-12-31",
        "reportedCurrency": "USD",
        "totalAssets": "20377000",
        "totalCurrentAssets": "None",
        "cashAndCashEquivalentsAtCarryingValue": "2250000",
        "cashAndShortTermInvestments": "2250000",
        "inventory": "971000",
        "currentNetReceivables": "None",
        "totalNonCurrentAssets": "None",
        "propertyPlantEquipment": "4584000",
        "accumulatedDepreciationAmortizationPPE": "None",
        "intangibleAssets": "2147000",
        "intangibleAssetsExcludingGoodwill": "2147000",
        "goodwill": "536000",
        "investments": "None",
        "longTermInvestments": "None",
        "shortTermInvestments": "None",
        "otherCurrentAssets": "463000",
        "otherNonCurrentAssets": "None",
        "totalLiabilities": "11609000",
        "totalCurrentLiabilities": "7941000",
        "currentAccountsPayable": "4422000",
        "deferredRevenue": "None",
        "currentDebt": "None",
        "shortTermDebt": "None",
        "totalNonCurrentLiabilities": "None",
        "capitalLeaseObligations": "None",
        "longTermDebt": "2803000",
        "currentLongTermDebt": "None",
        "longTermDebtNoncurrent": "None",
        "shortLongTermDebtTotal": "None",
        "otherCurrentLiabilities": "2491000",
        "otherNonCurrentLiabilities": "None",
        "totalShareholderEquity": "8419000",
        "treasuryStock": "None",
        "retainedEarnings": "None",
        "commonStock": "6924000",
        "commonStockSharesOutstanding": "None"
      }
    ]
  },
  "cashFlow": {
    "symbol": "BIOX",
    "annualReports": [
      {
        "fiscalDateEnding": "2025-06-30",
        "reportedCurrency": "USD",
        "operatingCashflow": "49905611",
        "paymentsForOperatingActivities": "None",
        "proceedsFromOperatingActivities": "None",
        "changeInOperatingLiabilities": "None",
        "changeInOperatingAssets": "None",
        "depreciationDepletionAndAmortization": "22182243",
        "capitalExpenditures": "14607453",
        "changeInReceivables": "None",
        "changeInInventory": "34910189",
        "profitLoss": "None",
        "cashflowFromInvestment": "-6128891",
        "cashflowFromFinancing": "-50706103",
        "proceedsFromRepaymentsOfShortTermDebt": "None",
        "paymentsForRepurchaseOfCommonStock": "None",
        "paymentsForRepurchaseOfEquity": "None",
        "paymentsForRepurchaseOfPreferredStock": "None",
        "dividendPayout": "0",
        "dividendPayoutCommonStock": "0",
        "dividendPayoutPreferredStock": "None",
        "proceedsFromIssuanceOfCommonStock": "None",
        "proceedsFromIssuanceOfLongTermDebtAndCapitalSecuritiesNet": "None",
        "proceedsFromIssuanceOfPreferredStock": "None",
        "proceedsFromRepurchaseOfEquity": "-926899",
        "proceedsFromSaleOfTreasuryStock": "None",
        "changeInCashAndCashEquivalents": "None",
        "changeInExchangeRate": "None",
        "netIncome": "-58845253"
      },
      {
        "fiscalDateEnding": "2024-06-30",
        "reportedCurrency": "USD",
        "operatingCashflow": "41717000",
        "paymentsForOperatingActivities": "None",
        "proceedsFromOperatingActivities": "None",
        "changeInOperatingLiabilities": "None",
        "changeInOperatingAssets": "None",
        "depreciationDepletionAndAmortization": "21295000",
        "capitalExpenditures": "22782000",
        "changeInReceivables": "None",
        "changeInInventory": "14177000",
        "profitLoss": "None",
        "cashflowFromInvestment": "-28728000",
        "cashflowFromFinancing": "-10056000",
        "proceedsFromRepaymentsOfShortTermDebt": "None",
        "paymentsForRepurchaseOfCommonStock": "None",
        "paymentsForRepurchaseOfEquity": "None",
        "paymentsForRepurchaseOfPreferredStock": "None",
        "dividendPayout": "0",
        "dividendPayoutCommonStock": "0",
        "dividendPayoutPreferredStock": "None",
        "proceedsFromIssuanceOfCommonStock": "None",
        "proceedsFromIssuanceOfLongTermDebtAndCapitalSecuritiesNet": "None",
        "proceedsFromIssuanceOfPreferredStock": "None",
        "proceedsFromRepurchaseOfEquity": "-734000",
        "proceedsFromSaleOfTreasuryStock": "None",
        "changeInCashAndCashEquivalents": "None",
        "changeInExchangeRate": "None",
        "netIncome": "6257000"
      },
      {
        "fiscalDateEnding": "2023-06-30",
        "reportedCurrency": "USD",
        "operatingCashflow": "2588792",
        "paymentsForOperatingActivities": "None",
        "proceedsFromOperatingActivities": "None",
        "changeInOperatingLiabilities": "None",
        "changeInOperatingAssets": "None",
        "depreciationDepletionAndAmortization": "19390601",
        "capitalExpenditures": "22563189",
        "changeInReceivables": "None",
        "changeInInventory": "-11066489",
        "profitLoss": "None",
        "cashflowFromInvestment": "-25725670",
        "cashflowFromFinancing": "32954000",
        "proceedsFromRepaymentsOfShortTermDebt": "None",
        "paymentsForRepurchaseOfCommonStock": "None",
        "paymentsForRepurchaseOfEquity": "None",
        "paymentsForRepurchaseOfPreferredStock": "None",
        "dividendPayout": "0",
        "dividendPayoutCommonStock": "0",
        "dividendPayoutPreferredStock": "None",
        "proceedsFromIssuanceOfCommonStock": "None",
        "proceedsFromIssuanceOfLongTermDebtAndCapitalSecuritiesNet": "None",
        "proceedsFromIssuanceOfPreferredStock": "None",
        "proceedsFromRepurchaseOfEquity": "-2996947",
        "proceedsFromSaleOfTreasuryStock": "None",
        "changeInCashAndCashEquivalents": "None",
        "changeInExchangeRate": "None",
        "netIncome": "20174599"
      },
      {
        "fiscalDateEnding": "2022-06-30",
        "reportedCurrency": "USD",
        "operatingCashflow": "-17515374",
        "paymentsForOperatingActivities": "None",
        "proceedsFromOperatingActivities": "None",
        "changeInOperatingLiabilities": "None",
        "changeInOperatingAssets": "None",
        "depreciationDepletionAndAmortization": "9187935",
        "capitalExpenditures": "8997513",
        "changeInReceivables": "None",
        "changeInInventory": "-55311365",
        "profitLoss": "None",
        "cashflowFromInvestment": "2903079",
        "cashflowFromFinancing": "14823509",
        "proceedsFromRepaymentsOfShortTermDebt": "None",
        "paymentsForRepurchaseOfCommonStock": "None",
        "paymentsForRepurchaseOfEquity": "None",
        "paymentsForRepurchaseOfPreferredStock": "None",
        "dividendPayout": "0",
        "dividendPayoutCommonStock": "0",
        "dividendPayoutPreferredStock": "None",
        "proceedsFromIssuanceOfCommonStock": "None",
        "proceedsFromIssuanceOfLongTermDebtAndCapitalSecuritiesNet": "None",
        "proceedsFromIssuanceOfPreferredStock": "None",
        "proceedsFromRepurchaseOfEquity": "-2996947",
        "proceedsFromSaleOfTreasuryStock": "None",
        "changeInCashAndCashEquivalents": "None",
        "changeInExchangeRate": "None",
        "netIncome": "-3908904"
      },
      {
        "fiscalDateEnding": "2021-06-30",
        "reportedCurrency": "USD",
        "operatingCashflow": "-6205943",
        "paymentsForOperatingActivities": "None",
        "proceedsFromOperatingActivities": "None",
        "changeInOperatingLiabilities": "None",
        "changeInOperatingAssets": "None",
        "depreciationDepletionAndAmortization": "6264841",
        "capitalExpenditures": "13923085",
        "changeInReceivables": "None",
        "changeInInventory": "-34503283",
        "profitLoss": "None",
        "cashflowFromInvestment": "-8310118",
        "cashflowFromFinancing": "7358129",
        "proceedsFromRepaymentsOfShortTermDebt": "None",
        "paymentsForRepurchaseOfCommonStock": "None",
        "paymentsForRepurchaseOfEquity": "None",
        "paymentsForRepurchaseOfPreferredStock": "None",
        "dividendPayout": "1030952",
        "dividendPayoutCommonStock": "1030952",
        "dividendPayoutPreferredStock": "None",
        "proceedsFromIssuanceOfCommonStock": "None",
        "proceedsFromIssuanceOfLongTermDebtAndCapitalSecuritiesNet": "None",
        "proceedsFromIssuanceOfPreferredStock": "None",
        "proceedsFromRepurchaseOfEquity": "-3500020",
        "proceedsFromSaleOfTreasuryStock": "None",
        "changeInCashAndCashEquivalents": "None",
        "changeInExchangeRate": "None",
        "netIncome": "-3820622"
      },
      {
        "fiscalDateEnding": "2020-06-30",
        "reportedCurrency": "USD",
        "operatingCashflow": "9318479",
        "paymentsForOperatingActivities": "None",
        "proceedsFromOperatingActivities": "None",
        "changeInOperatingLiabilities": "None",
        "changeInOperatingAssets": "None",
        "depreciationDepletionAndAmortization": "4733567",
        "capitalExpenditures": "4502176",
        "changeInReceivables": "None",
        "changeInInventory": "-5305792",
        "profitLoss": "None",
        "cashflowFromInvestment": "-7803391",
        "cashflowFromFinancing": "33532414",
        "proceedsFromRepaymentsOfShortTermDebt": "None",
        "paymentsForRepurchaseOfCommonStock": "None",
        "paymentsForRepurchaseOfEquity": "None",
        "paymentsForRepurchaseOfPreferredStock": "None",
        "dividendPayout": "0",
        "dividendPayoutCommonStock": "0",
        "dividendPayoutPreferredStock": "None",
        "proceedsFromIssuanceOfCommonStock": "None",
        "proceedsFromIssuanceOfLongTermDebtAndCapitalSecuritiesNet": "None",
        "proceedsFromIssuanceOfPreferredStock": "None",
        "proceedsFromRepurchaseOfEquity": "-30906",
        "proceedsFromSaleOfTreasuryStock": "None",
        "changeInCashAndCashEquivalents": "None",
        "changeInExchangeRate": "None",
        "netIncome": "4236628"
      },
      {
        "fiscalDateEnding": "2019-06-30",
        "reportedCurrency": "USD",
        "operatingCashflow": "29694813",
        "paymentsForOperatingActivities": "None",
        "proceedsFromOperatingActivities": "None",
        "changeInOperatingLiabilities": "None",
        "changeInOperatingAssets": "None",
        "depreciationDepletionAndAmortization": "4827175",
        "capitalExpenditures": "3449465",
        "changeInReceivables": "0",
        "changeInInventory": "-8638798",
        "profitLoss": "None",
        "cashflowFromInvestment": "-3260852",
        "cashflowFromFinancing": "-26946194",
        "proceedsFromRepaymentsOfShortTermDebt": "None",
        "paymentsForRepurchaseOfCommonStock": "None",
        "paymentsForRepurchaseOfEquity": "None",
        "paymentsForRepurchaseOfPreferredStock": "None",
        "dividendPayout": "0",
        "dividendPayoutCommonStock": "0",
        "dividendPayoutPreferredStock": "None",
        "proceedsFromIssuanceOfCommonStock": "None",
        "proceedsFromIssuanceOfLongTermDebtAndCapitalSecuritiesNet": "None",
        "proceedsFromIssuanceOfPreferredStock": "None",
        "proceedsFromRepurchaseOfEquity": "-30906",
        "proceedsFromSaleOfTreasuryStock": "None",
        "changeInCashAndCashEquivalents": "0",
        "changeInExchangeRate": "0",
        "netIncome": "-16358891"
      },
      {
        "fiscalDateEnding": "2018-06-30",
        "reportedCurrency": "USD",
        "operatingCashflow": "18386868",
        "paymentsForOperatingActivities": "None",
        "proceedsFromOperatingActivities": "None",
        "changeInOperatingLiabilities": "None",
        "changeInOperatingAssets": "None",
        "depreciationDepletionAndAmortization": "4372357",
        "capitalExpenditures": "5707748",
        "changeInReceivables": "0",
        "changeInInventory": "10355422",
        "profitLoss": "None",
        "cashflowFromInvestment": "-8219684",
        "cashflowFromFinancing": "-10457805",
        "proceedsFromRepaymentsOfShortTermDebt": "None",
        "paymentsForRepurchaseOfCommonStock": "None",
        "paymentsForRepurchaseOfEquity": "None",
        "paymentsForRepurchaseOfPreferredStock": "None",
        "dividendPayout": "0",
        "dividendPayoutCommonStock": "0",
        "dividendPayoutPreferredStock": "None",
        "proceedsFromIssuanceOfCommonStock": "None",
        "proceedsFromIssuanceOfLongTermDebtAndCapitalSecuritiesNet": "None",
        "proceedsFromIssuanceOfPreferredStock": "None",
        "proceedsFromRepurchaseOfEquity": "0",
        "proceedsFromSaleOfTreasuryStock": "None",
        "changeInCashAndCashEquivalents": "0",
        "changeInExchangeRate": "0",
        "netIncome": "-14311246"
      },
      {
        "fiscalDateEnding": "2017-06-30",
        "reportedCurrency": "USD",
        "operatingCashflow": "19101254",
        "paymentsForOperatingActivities": "None",
        "proceedsFromOperatingActivities": "None",
        "changeInOperatingLiabilities": "None",
        "changeInOperatingAssets": "None",
        "depreciationDepletionAndAmortization": "4606336",
        "capitalExpenditures": "1391334",
        "changeInReceivables": "0",
        "changeInInventory": "-2246498",
        "profitLoss": "None",
        "cashflowFromInvestment": "-20159758",
        "cashflowFromFinancing": "2332838",
        "proceedsFromRepaymentsOfShortTermDebt": "None",
        "paymentsForRepurchaseOfCommonStock": "None",
        "paymentsForRepurchaseOfEquity": "None",
        "paymentsForRepurchaseOfPreferredStock": "None",
        "dividendPayout": "0",
        "dividendPayoutCommonStock": "0",
        "dividendPayoutPreferredStock": "None",
        "proceedsFromIssuanceOfCommonStock": "None",
        "proceedsFromIssuanceOfLongTermDebtAndCapitalSecuritiesNet": "None",
        "proceedsFromIssuanceOfPreferredStock": "None",
        "proceedsFromRepurchaseOfEquity": "0",
        "proceedsFromSaleOfTreasuryStock": "None",
        "changeInCashAndCashEquivalents": "0",
        "changeInExchangeRate": "0",
        "netIncome": "-11817854"
      },
      {
        "fiscalDateEnding": "2016-06-30",
        "reportedCurrency": "USD",
        "operatingCashflow": "-1118524",
        "paymentsForOperatingActivities": "None",
        "proceedsFromOperatingActivities": "None",
        "changeInOperatingLiabilities": "None",
        "changeInOperatingAssets": "None",
        "depreciationDepletionAndAmortization": "73608",
        "capitalExpenditures": "1203840",
        "changeInReceivables": "None",
        "changeInInventory": "-2259725",
        "profitLoss": "None",
        "cashflowFromInvestment": "-5594",
        "cashflowFromFinancing": "1107951",
        "proceedsFromRepaymentsOfShortTermDebt": "None",
        "paymentsForRepurchaseOfCommonStock": "None",
        "paymentsForRepurchaseOfEquity": "None",
        "paymentsForRepurchaseOfPreferredStock": "None",
        "dividendPayout": "13790",
        "dividendPayoutCommonStock": "13790",
        "dividendPayoutPreferredStock": "None",
        "proceedsFromIssuanceOfCommonStock": "None",
        "proceedsFromIssuanceOfLongTermDebtAndCapitalSecuritiesNet": "None",
        "proceedsFromIssuanceOfPreferredStock": "None",
        "proceedsFromRepurchaseOfEquity": "42000000",
        "proceedsFromSaleOfTreasuryStock": "None",
        "changeInCashAndCashEquivalents": "None",
        "changeInExchangeRate": "None",
        "netIncome": "-1194011"
      },
      {
        "fiscalDateEnding": "2015-12-31",
        "reportedCurrency": "USD",
        "operatingCashflow": "-1118524",
        "paymentsForOperatingActivities": "None",
        "proceedsFromOperatingActivities": "None",
        "changeInOperatingLiabilities": "None",
        "changeInOperatingAssets": "None",
        "depreciationDepletionAndAmortization": "73608",
        "capitalExpenditures": "606786.75",
        "changeInReceivables": "0",
        "changeInInventory": "-2259725",
        "profitLoss": "None",
        "cashflowFromInvestment": "-5582.28",
        "cashflowFromFinancing": "1107951",
        "proceedsFromRepaymentsOfShortTermDebt": "None",
        "paymentsForRepurchaseOfCommonStock": "None",
        "paymentsForRepurchaseOfEquity": "None",
        "paymentsForRepurchaseOfPreferredStock": "None",
        "dividendPayout": "0",
        "dividendPayoutCommonStock": "0",
        "dividendPayoutPreferredStock": "None",
        "proceedsFromIssuanceOfCommonStock": "None",
        "proceedsFromIssuanceOfLongTermDebtAndCapitalSecuritiesNet": "None",
        "proceedsFromIssuanceOfPreferredStock": "None",
        "proceedsFromRepurchaseOfEquity": "0",
        "proceedsFromSaleOfTreasuryStock": "None",
        "changeInCashAndCashEquivalents": "0",
        "changeInExchangeRate": "0",
        "netIncome": "-1194011"
      },
      {
        "fiscalDateEnding": "2015-06-30",
        "reportedCurrency": "USD",
        "operatingCashflow": "None",
        "paymentsForOperatingActivities": "None",
        "proceedsFromOperatingActivities": "None",
        "changeInOperatingLiabilities": "None",
        "changeInOperatingAssets": "None",
        "depreciationDepletionAndAmortization": "None",
        "capitalExpenditures": "190000",
        "changeInReceivables": "None",
        "changeInInventory": "None",
        "profitLoss": "None",
        "cashflowFromInvestment": "None",
        "cashflowFromFinancing": "7753000",
        "proceedsFromRepaymentsOfShortTermDebt": "None",
        "paymentsForRepurchaseOfCommonStock": "None",
        "paymentsForRepurchaseOfEquity": "None",
        "paymentsForRepurchaseOfPreferredStock": "None",
        "dividendPayout": "None",
        "dividendPayoutCommonStock": "None",
        "dividendPayoutPreferredStock": "None",
        "proceedsFromIssuanceOfCommonStock": "None",
        "proceedsFromIssuanceOfLongTermDebtAndCapitalSecuritiesNet": "None",
        "proceedsFromIssuanceOfPreferredStock": "None",
        "proceedsFromRepurchaseOfEquity": "None",
        "proceedsFromSaleOfTreasuryStock": "None",
        "changeInCashAndCashEquivalents": "None",
        "changeInExchangeRate": "None",
        "netIncome": "None"
      }
    ],
    "quarterlyReports": [
      {
        "fiscalDateEnding": "2025-09-30",
        "reportedCurrency": "USD",
        "operatingCashflow": "10522884",
        "paymentsForOperatingActivities": "None",
        "proceedsFromOperatingActivities": "None",
        "changeInOperatingLiabilities": "None",
        "changeInOperatingAssets": "None",
        "depreciationDepletionAndAmortization": "5831700",
        "capitalExpenditures": "672114",
        "changeInReceivables": "None",
        "changeInInventory": "-451257",
        "profitLoss": "None",
        "cashflowFromInvestment": "-1264065",
        "cashflowFromFinancing": "-24855981",
        "proceedsFromRepaymentsOfShortTermDebt": "None",
        "paymentsForRepurchaseOfCommonStock": "None",
        "paymentsForRepurchaseOfEquity": "None",
        "paymentsForRepurchaseOfPreferredStock": "None",
        "dividendPayout": "0",
        "dividendPayoutCommonStock": "0",
        "dividendPayoutPreferredStock": "None",
        "proceedsFromIssuanceOfCommonStock": "None",
        "proceedsFromIssuanceOfLongTermDebtAndCapitalSecuritiesNet": "None",
        "proceedsFromIssuanceOfPreferredStock": "None",
        "proceedsFromRepurchaseOfEquity": "None",
        "proceedsFromSaleOfTreasuryStock": "None",
        "changeInCashAndCashEquivalents": "None",
        "changeInExchangeRate": "None",
        "netIncome": "-7448232"
      },
      {
        "fiscalDateEnding": "2025-06-30",
        "reportedCurrency": "USD",
        "operatingCashflow": "26767965",
        "paymentsForOperatingActivities": "None",
        "proceedsFromOperatingActivities": "None",
        "changeInOperatingLiabilities": "None",
        "changeInOperatingAssets": "None",
        "depreciationDepletionAndAmortization": "4908668",
        "capitalExpenditures": "2180918",
        "changeInReceivables": "None",
        "changeInInventory": "2070203",
        "profitLoss": "None",
        "cashflowFromInvestment": "None",
        "cashflowFromFinancing": "-25710458",
        "proceedsFromRepaymentsOfShortTermDebt": "None",
        "paymentsForRepurchaseOfCommonStock": "None",
        "paymentsForRepurchaseOfEquity": "None",
        "paymentsForRepurchaseOfPreferredStock": "None",
        "dividendPayout": "0",
        "dividendPayoutCommonStock": "0",
        "dividendPayoutPreferredStock": "None",
        "proceedsFromIssuanceOfCommonStock": "None",
        "proceedsFromIssuanceOfLongTermDebtAndCapitalSecuritiesNet": "None",
        "proceedsFromIssuanceOfPreferredStock": "None",
        "proceedsFromRepurchaseOfEquity": "0",
        "proceedsFromSaleOfTreasuryStock": "None",
        "changeInCashAndCashEquivalents": "None",
        "changeInExchangeRate": "None",
        "netIncome": "-44300000"
      },
      {
        "fiscalDateEnding": "2025-03-31",
        "reportedCurrency": "USD",
        "operatingCashflow": "23338000",
        "paymentsForOperatingActivities": "None",
        "proceedsFromOperatingActivities": "None",
        "changeInOperatingLiabilities": "None",
        "changeInOperatingAssets": "None",
        "depreciationDepletionAndAmortization": "6074000",
        "capitalExpenditures": "3185000",
        "changeInReceivables": "None",
        "changeInInventory": "13500000",
        "profitLoss": "None",
        "cashflowFromInvestment": "-2502000",
        "cashflowFromFinancing": "-12683000",
        "proceedsFromRepaymentsOfShortTermDebt": "None",
        "paymentsForRepurchaseOfCommonStock": "None",
        "paymentsForRepurchaseOfEquity": "None",
        "paymentsForRepurchaseOfPreferredStock": "None",
        "dividendPayout": "0",
        "dividendPayoutCommonStock": "0",
        "dividendPayoutPreferredStock": "None",
        "proceedsFromIssuanceOfCommonStock": "None",
        "proceedsFromIssuanceOfLongTermDebtAndCapitalSecuritiesNet": "None",
        "proceedsFromIssuanceOfPreferredStock": "None",
        "proceedsFromRepurchaseOfEquity": "0",
        "proceedsFromSaleOfTreasuryStock": "None",
        "changeInCashAndCashEquivalents": "None",
        "changeInExchangeRate": "None",
        "netIncome": "-1591000"
      },
      {
        "fiscalDateEnding": "2024-12-31",
        "reportedCurrency": "USD",
        "operatingCashflow": "-5357188",
        "paymentsForOperatingActivities": "None",
        "proceedsFromOperatingActivities": "None",
        "changeInOperatingLiabilities": "None",
        "changeInOperatingAssets": "None",
        "depreciationDepletionAndAmortization": "5887877",
        "capitalExpenditures": "2655855",
        "changeInReceivables": "None",
        "changeInInventory": "11901734",
        "profitLoss": "None",
        "cashflowFromInvestment": "-5385268",
        "cashflowFromFinancing": "6485821",
        "proceedsFromRepaymentsOfShortTermDebt": "None",
        "paymentsForRepurchaseOfCommonStock": "None",
        "paymentsForRepurchaseOfEquity": "None",
        "paymentsForRepurchaseOfPreferredStock": "None",
        "dividendPayout": "0",
        "dividendPayoutCommonStock": "0",
        "dividendPayoutPreferredStock": "None",
        "proceedsFromIssuanceOfCommonStock": "None",
        "proceedsFromIssuanceOfLongTermDebtAndCapitalSecuritiesNet": "None",
        "proceedsFromIssuanceOfPreferredStock": "None",
        "proceedsFromRepurchaseOfEquity": "-926899",
        "proceedsFromSaleOfTreasuryStock": "None",
        "changeInCashAndCashEquivalents": "None",
        "changeInExchangeRate": "None",
        "netIncome": "143535"
      },
      {
        "fiscalDateEnding": "2024-09-30",
        "reportedCurrency": "USD",
        "operatingCashflow": "5156825",
        "paymentsForOperatingActivities": "None",
        "proceedsFromOperatingActivities": "None",
        "changeInOperatingLiabilities": "None",
        "changeInOperatingAssets": "None",
        "depreciationDepletionAndAmortization": "6610386",
        "capitalExpenditures": "3139450",
        "changeInReceivables": "None",
        "changeInInventory": "7438097",
        "profitLoss": "None",
        "cashflowFromInvestment": "271763",
        "cashflowFromFinancing": "-18798330",
        "proceedsFromRepaymentsOfShortTermDebt": "None",
        "paymentsForRepurchaseOfCommonStock": "None",
        "paymentsForRepurchaseOfEquity": "None",
        "paymentsForRepurchaseOfPreferredStock": "None",
        "dividendPayout": "0",
        "dividendPayoutCommonStock": "0",
        "dividendPayoutPreferredStock": "None",
        "proceedsFromIssuanceOfCommonStock": "None",
        "proceedsFromIssuanceOfLongTermDebtAndCapitalSecuritiesNet": "None",
        "proceedsFromIssuanceOfPreferredStock": "None",
        "proceedsFromRepurchaseOfEquity": "0",
        "proceedsFromSaleOfTreasuryStock": "None",
        "changeInCashAndCashEquivalents": "None",
        "changeInExchangeRate": "None",
        "netIncome": "-6369262"
      },
      {
        "fiscalDateEnding": "2024-06-30",
        "reportedCurrency": "USD",
        "operatingCashflow": "23256785",
        "paymentsForOperatingActivities": "None",
        "proceedsFromOperatingActivities": "None",
        "changeInOperatingLiabilities": "None",
        "changeInOperatingAssets": "None",
        "depreciationDepletionAndAmortization": "6610386",
        "capitalExpenditures": "2016131",
        "changeInReceivables": "None",
        "changeInInventory": "6599104",
        "profitLoss": "None",
        "cashflowFromInvestment": "None",
        "cashflowFromFinancing": "5321315",
        "proceedsFromRepaymentsOfShortTermDebt": "None",
        "paymentsForRepurchaseOfCommonStock": "None",
        "paymentsForRepurchaseOfEquity": "None",
        "paymentsForRepurchaseOfPreferredStock": "None",
        "dividendPayout": "0",
        "dividendPayoutCommonStock": "0",
        "dividendPayoutPreferredStock": "None",
        "proceedsFromIssuanceOfCommonStock": "None",
        "proceedsFromIssuanceOfLongTermDebtAndCapitalSecuritiesNet": "None",
        "proceedsFromIssuanceOfPreferredStock": "None",
        "proceedsFromRepurchaseOfEquity": "0",
        "proceedsFromSaleOfTreasuryStock": "None",
        "changeInCashAndCashEquivalents": "None",
        "changeInExchangeRate": "None",
        "netIncome": "-1530680"
      },
      {
        "fiscalDateEnding": "2024-03-31",
        "reportedCurrency": "USD",
        "operatingCashflow": "-17389985",
        "paymentsForOperatingActivities": "None",
        "proceedsFromOperatingActivities": "None",
        "changeInOperatingLiabilities": "None",
        "changeInOperatingAssets": "None",
        "depreciationDepletionAndAmortization": "4942277",
        "capitalExpenditures": "1703206",
        "changeInReceivables": "None",
        "changeInInventory": "-6147656",
        "profitLoss": "None",
        "cashflowFromInvestment": "-1370376",
        "cashflowFromFinancing": "10900052",
        "proceedsFromRepaymentsOfShortTermDebt": "None",
        "paymentsForRepurchaseOfCommonStock": "None",
        "paymentsForRepurchaseOfEquity": "None",
        "paymentsForRepurchaseOfPreferredStock": "None",
        "dividendPayout": "0",
        "dividendPayoutCommonStock": "0",
        "dividendPayoutPreferredStock": "None",
        "proceedsFromIssuanceOfCommonStock": "None",
        "proceedsFromIssuanceOfLongTermDebtAndCapitalSecuritiesNet": "None",
        "proceedsFromIssuanceOfPreferredStock": "None",
        "proceedsFromRepurchaseOfEquity": "0",
        "proceedsFromSaleOfTreasuryStock": "None",
        "changeInCashAndCashEquivalents": "None",
        "changeInExchangeRate": "None",
        "netIncome": "9257226"
      },
      {
        "fiscalDateEnding": "2023-12-31",
        "reportedCurrency": "USD",
        "operatingCashflow": "21116192",
        "paymentsForOperatingActivities": "None",
        "proceedsFromOperatingActivities": "None",
        "changeInOperatingLiabilities": "None",
        "changeInOperatingAssets": "None",
        "depreciationDepletionAndAmortization": "4914841",
        "capitalExpenditures": "4747720",
        "changeInReceivables": "None",
        "changeInInventory": "13922662",
        "profitLoss": "None",
        "cashflowFromInvestment": "-18375765",
        "cashflowFromFinancing": "698697",
        "proceedsFromRepaymentsOfShortTermDebt": "None",
        "paymentsForRepurchaseOfCommonStock": "None",
        "paymentsForRepurchaseOfEquity": "None",
        "paymentsForRepurchaseOfPreferredStock": "None",
        "dividendPayout": "0",
        "dividendPayoutCommonStock": "0",
        "dividendPayoutPreferredStock": "None",
        "proceedsFromIssuanceOfCommonStock": "None",
        "proceedsFromIssuanceOfLongTermDebtAndCapitalSecuritiesNet": "None",
        "proceedsFromIssuanceOfPreferredStock": "None",
        "proceedsFromRepurchaseOfEquity": "-277303",
        "proceedsFromSaleOfTreasuryStock": "None",
        "changeInCashAndCashEquivalents": "None",
        "changeInExchangeRate": "None",
        "netIncome": "108449"
      },
      {
        "fiscalDateEnding": "2023-09-30",
        "reportedCurrency": "USD",
        "operatingCashflow": "14733594",
        "paymentsForOperatingActivities": "None",
        "proceedsFromOperatingActivities": "None",
        "changeInOperatingLiabilities": "None",
        "changeInOperatingAssets": "None",
        "depreciationDepletionAndAmortization": "4827808",
        "capitalExpenditures": "5997239",
        "changeInReceivables": "None",
        "changeInInventory": "-197454",
        "profitLoss": "None",
        "cashflowFromInvestment": "-8687056",
        "cashflowFromFinancing": "-26975931",
        "proceedsFromRepaymentsOfShortTermDebt": "None",
        "paymentsForRepurchaseOfCommonStock": "None",
        "paymentsForRepurchaseOfEquity": "None",
        "paymentsForRepurchaseOfPreferredStock": "None",
        "dividendPayout": "0",
        "dividendPayoutCommonStock": "0",
        "dividendPayoutPreferredStock": "None",
        "proceedsFromIssuanceOfCommonStock": "None",
        "proceedsFromIssuanceOfLongTermDebtAndCapitalSecuritiesNet": "None",
        "proceedsFromIssuanceOfPreferredStock": "None",
        "proceedsFromRepurchaseOfEquity": "-457085",
        "proceedsFromSaleOfTreasuryStock": "None",
        "changeInCashAndCashEquivalents": "None",
        "changeInExchangeRate": "None",
        "netIncome": "-2678464"
      },
      {
        "fiscalDateEnding": "2023-06-30",
        "reportedCurrency": "USD",
        "operatingCashflow": "-8491223",
        "paymentsForOperatingActivities": "None",
        "proceedsFromOperatingActivities": "None",
        "changeInOperatingLiabilities": "None",
        "changeInOperatingAssets": "None",
        "depreciationDepletionAndAmortization": "4414597",
        "capitalExpenditures": "6565653",
        "changeInReceivables": "None",
        "changeInInventory": "8304597",
        "profitLoss": "None",
        "cashflowFromInvestment": "-3241983",
        "cashflowFromFinancing": "3324297",
        "proceedsFromRepaymentsOfShortTermDebt": "None",
        "paymentsForRepurchaseOfCommonStock": "None",
        "paymentsForRepurchaseOfEquity": "None",
        "paymentsForRepurchaseOfPreferredStock": "None",
        "dividendPayout": "None",
        "dividendPayoutCommonStock": "None",
        "dividendPayoutPreferredStock": "None",
        "proceedsFromIssuanceOfCommonStock": "None",
        "proceedsFromIssuanceOfLongTermDebtAndCapitalSecuritiesNet": "None",
        "proceedsFromIssuanceOfPreferredStock": "None",
        "proceedsFromRepurchaseOfEquity": "-483160",
        "proceedsFromSaleOfTreasuryStock": "None",
        "changeInCashAndCashEquivalents": "None",
        "changeInExchangeRate": "None",
        "netIncome": "-2789641"
      },
      {
        "fiscalDateEnding": "2023-03-31",
        "reportedCurrency": "USD",
        "operatingCashflow": "2249419",
        "paymentsForOperatingActivities": "None",
        "proceedsFromOperatingActivities": "None",
        "changeInOperatingLiabilities": "None",
        "changeInOperatingAssets": "None",
        "depreciationDepletionAndAmortization": "4986795",
        "capitalExpenditures": "6098844",
        "changeInReceivables": "None",
        "changeInInventory": "4084242",
        "profitLoss": "None",
        "cashflowFromInvestment": "-3263230",
        "cashflowFromFinancing": "-10715045",
        "proceedsFromRepaymentsOfShortTermDebt": "None",
        "paymentsForRepurchaseOfCommonStock": "None",
        "paymentsForRepurchaseOfEquity": "None",
        "paymentsForRepurchaseOfPreferredStock": "None",
        "dividendPayout": "None",
        "dividendPayoutCommonStock": "None",
        "dividendPayoutPreferredStock": "None",
        "proceedsFromIssuanceOfCommonStock": "None",
        "proceedsFromIssuanceOfLongTermDebtAndCapitalSecuritiesNet": "None",
        "proceedsFromIssuanceOfPreferredStock": "None",
        "proceedsFromRepurchaseOfEquity": "-222422",
        "proceedsFromSaleOfTreasuryStock": "None",
        "changeInCashAndCashEquivalents": "None",
        "changeInExchangeRate": "None",
        "netIncome": "27478519"
      },
      {
        "fiscalDateEnding": "2022-12-31",
        "reportedCurrency": "USD",
        "operatingCashflow": "41245336",
        "paymentsForOperatingActivities": "None",
        "proceedsFromOperatingActivities": "None",
        "changeInOperatingLiabilities": "None",
        "changeInOperatingAssets": "None",
        "depreciationDepletionAndAmortization": "5453857",
        "capitalExpenditures": "5033091",
        "changeInReceivables": "None",
        "changeInInventory": "-16063772",
        "profitLoss": "None",
        "cashflowFromInvestment": "-22245928",
        "cashflowFromFinancing": "119779",
        "proceedsFromRepaymentsOfShortTermDebt": "None",
        "paymentsForRepurchaseOfCommonStock": "None",
        "paymentsForRepurchaseOfEquity": "None",
        "paymentsForRepurchaseOfPreferredStock": "None",
        "dividendPayout": "264152",
        "dividendPayoutCommonStock": "264152",
        "dividendPayoutPreferredStock": "None",
        "proceedsFromIssuanceOfCommonStock": "None",
        "proceedsFromIssuanceOfLongTermDebtAndCapitalSecuritiesNet": "None",
        "proceedsFromIssuanceOfPreferredStock": "None",
        "proceedsFromRepurchaseOfEquity": "-1915347",
        "proceedsFromSaleOfTreasuryStock": "None",
        "changeInCashAndCashEquivalents": "None",
        "changeInExchangeRate": "None",
        "netIncome": "-8426279"
      },
      {
        "fiscalDateEnding": "2022-09-30",
        "reportedCurrency": "USD",
        "operatingCashflow": "-32402336",
        "paymentsForOperatingActivities": "None",
        "proceedsFromOperatingActivities": "None",
        "changeInOperatingLiabilities": "None",
        "changeInOperatingAssets": "None",
        "depreciationDepletionAndAmortization": "4535352",
        "capitalExpenditures": "4865601",
        "changeInReceivables": "None",
        "changeInInventory": "-7391556",
        "profitLoss": "None",
        "cashflowFromInvestment": "3025471",
        "cashflowFromFinancing": "40224969",
        "proceedsFromRepaymentsOfShortTermDebt": "None",
        "paymentsForRepurchaseOfCommonStock": "None",
        "paymentsForRepurchaseOfEquity": "None",
        "paymentsForRepurchaseOfPreferredStock": "None",
        "dividendPayout": "264152",
        "dividendPayoutCommonStock": "264152",
        "dividendPayoutPreferredStock": "None",
        "proceedsFromIssuanceOfCommonStock": "None",
        "proceedsFromIssuanceOfLongTermDebtAndCapitalSecuritiesNet": "None",
        "proceedsFromIssuanceOfPreferredStock": "None",
        "proceedsFromRepurchaseOfEquity": "-376018",
        "proceedsFromSaleOfTreasuryStock": "None",
        "changeInCashAndCashEquivalents": "None",
        "changeInExchangeRate": "None",
        "netIncome": "3912000"
      },
      {
        "fiscalDateEnding": "2022-06-30",
        "reportedCurrency": "USD",
        "operatingCashflow": "-5421335",
        "paymentsForOperatingActivities": "None",
        "proceedsFromOperatingActivities": "None",
        "changeInOperatingLiabilities": "None",
        "changeInOperatingAssets": "None",
        "depreciationDepletionAndAmortization": "3507270",
        "capitalExpenditures": "1986771",
        "changeInReceivables": "None",
        "changeInInventory": "-4653002",
        "profitLoss": "None",
        "cashflowFromInvestment": "-1382357",
        "cashflowFromFinancing": "1589145",
        "proceedsFromRepaymentsOfShortTermDebt": "None",
        "paymentsForRepurchaseOfCommonStock": "None",
        "paymentsForRepurchaseOfEquity": "None",
        "paymentsForRepurchaseOfPreferredStock": "None",
        "dividendPayout": "187977",
        "dividendPayoutCommonStock": "187977",
        "dividendPayoutPreferredStock": "None",
        "proceedsFromIssuanceOfCommonStock": "None",
        "proceedsFromIssuanceOfLongTermDebtAndCapitalSecuritiesNet": "None",
        "proceedsFromIssuanceOfPreferredStock": "None",
        "proceedsFromRepurchaseOfEquity": "-376018",
        "proceedsFromSaleOfTreasuryStock": "None",
        "changeInCashAndCashEquivalents": "None",
        "changeInExchangeRate": "None",
        "netIncome": "-4535677"
      },
      {
        "fiscalDateEnding": "2022-03-31",
        "reportedCurrency": "None",
        "operatingCashflow": "7773469",
        "paymentsForOperatingActivities": "None",
        "proceedsFromOperatingActivities": "None",
        "changeInOperatingLiabilities": "None",
        "changeInOperatingAssets": "None",
        "depreciationDepletionAndAmortization": "2134647",
        "capitalExpenditures": "2482884",
        "changeInReceivables": "None",
        "changeInInventory": "-15455414",
        "profitLoss": "None",
        "cashflowFromInvestment": "318557",
        "cashflowFromFinancing": "-4543363",
        "proceedsFromRepaymentsOfShortTermDebt": "None",
        "paymentsForRepurchaseOfCommonStock": "None",
        "paymentsForRepurchaseOfEquity": "None",
        "paymentsForRepurchaseOfPreferredStock": "None",
        "dividendPayout": "None",
        "dividendPayoutCommonStock": "None",
        "dividendPayoutPreferredStock": "None",
        "proceedsFromIssuanceOfCommonStock": "None",
        "proceedsFromIssuanceOfLongTermDebtAndCapitalSecuritiesNet": "None",
        "proceedsFromIssuanceOfPreferredStock": "None",
        "proceedsFromRepurchaseOfEquity": "None",
        "proceedsFromSaleOfTreasuryStock": "None",
        "changeInCashAndCashEquivalents": "None",
        "changeInExchangeRate": "None",
        "netIncome": "-6976949"
      },
      {
        "fiscalDateEnding": "2021-12-31",
        "reportedCurrency": "USD",
        "operatingCashflow": "-6123814",
        "paymentsForOperatingActivities": "None",
        "proceedsFromOperatingActivities": "None",
        "changeInOperatingLiabilities": "None",
        "changeInOperatingAssets": "None",
        "depreciationDepletionAndAmortization": "1686633",
        "capitalExpenditures": "1969282",
        "changeInReceivables": "None",
        "changeInInventory": "15832772",
        "profitLoss": "None",
        "cashflowFromInvestment": "1780640",
        "cashflowFromFinancing": "4923372",
        "proceedsFromRepaymentsOfShortTermDebt": "None",
        "paymentsForRepurchaseOfCommonStock": "None",
        "paymentsForRepurchaseOfEquity": "None",
        "paymentsForRepurchaseOfPreferredStock": "None",
        "dividendPayout": "None",
        "dividendPayoutCommonStock": "None",
        "dividendPayoutPreferredStock": "None",
        "proceedsFromIssuanceOfCommonStock": "None",
        "proceedsFromIssuanceOfLongTermDebtAndCapitalSecuritiesNet": "None",
        "proceedsFromIssuanceOfPreferredStock": "None",
        "proceedsFromRepurchaseOfEquity": "None",
        "proceedsFromSaleOfTreasuryStock": "None",
        "changeInCashAndCashEquivalents": "None",
        "changeInExchangeRate": "None",
        "netIncome": "5338506"
      },
      {
        "fiscalDateEnding": "2021-09-30",
        "reportedCurrency": "USD",
        "operatingCashflow": "-13743694",
        "paymentsForOperatingActivities": "None",
        "proceedsFromOperatingActivities": "None",
        "changeInOperatingLiabilities": "None",
        "changeInOperatingAssets": "None",
        "depreciationDepletionAndAmortization": "1859385",
        "capitalExpenditures": "2558576",
        "changeInReceivables": "None",
        "changeInInventory": "-51035721",
        "profitLoss": "None",
        "cashflowFromInvestment": "2186239",
        "cashflowFromFinancing": "12854355",
        "proceedsFromRepaymentsOfShortTermDebt": "None",
        "paymentsForRepurchaseOfCommonStock": "None",
        "paymentsForRepurchaseOfEquity": "None",
        "paymentsForRepurchaseOfPreferredStock": "None",
        "dividendPayout": "None",
        "dividendPayoutCommonStock": "None",
        "dividendPayoutPreferredStock": "None",
        "proceedsFromIssuanceOfCommonStock": "None",
        "proceedsFromIssuanceOfLongTermDebtAndCapitalSecuritiesNet": "None",
        "proceedsFromIssuanceOfPreferredStock": "None",
        "proceedsFromRepurchaseOfEquity": "-821396",
        "proceedsFromSaleOfTreasuryStock": "None",
        "changeInCashAndCashEquivalents": "None",
        "changeInExchangeRate": "None",
        "netIncome": "2265216"
      },
      {
        "fiscalDateEnding": "2021-06-30",
        "reportedCurrency": "USD",
        "operatingCashflow": "21344885",
        "paymentsForOperatingActivities": "None",
        "proceedsFromOperatingActivities": "None",
        "changeInOperatingLiabilities": "None",
        "changeInOperatingAssets": "None",
        "depreciationDepletionAndAmortization": "2028285",
        "capitalExpenditures": "3307739",
        "changeInReceivables": "None",
        "changeInInventory": "-4508419",
        "profitLoss": "None",
        "cashflowFromInvestment": "145699",
        "cashflowFromFinancing": "-22120328",
        "proceedsFromRepaymentsOfShortTermDebt": "None",
        "paymentsForRepurchaseOfCommonStock": "None",
        "paymentsForRepurchaseOfEquity": "None",
        "paymentsForRepurchaseOfPreferredStock": "None",
        "dividendPayout": "None",
        "dividendPayoutCommonStock": "None",
        "dividendPayoutPreferredStock": "None",
        "proceedsFromIssuanceOfCommonStock": "None",
        "proceedsFromIssuanceOfLongTermDebtAndCapitalSecuritiesNet": "None",
        "proceedsFromIssuanceOfPreferredStock": "None",
        "proceedsFromRepurchaseOfEquity": "-821396",
        "proceedsFromSaleOfTreasuryStock": "None",
        "changeInCashAndCashEquivalents": "None",
        "changeInExchangeRate": "None",
        "netIncome": "1375200"
      },
      {
        "fiscalDateEnding": "2021-03-31",
        "reportedCurrency": "USD",
        "operatingCashflow": "-3905168",
        "paymentsForOperatingActivities": "None",
        "proceedsFromOperatingActivities": "None",
        "changeInOperatingLiabilities": "None",
        "changeInOperatingAssets": "None",
        "depreciationDepletionAndAmortization": "1773087",
        "capitalExpenditures": "6726320",
        "changeInReceivables": "None",
        "changeInInventory": "-16847332",
        "profitLoss": "None",
        "cashflowFromInvestment": "-11623947",
        "cashflowFromFinancing": "17304714",
        "proceedsFromRepaymentsOfShortTermDebt": "None",
        "paymentsForRepurchaseOfCommonStock": "None",
        "paymentsForRepurchaseOfEquity": "None",
        "paymentsForRepurchaseOfPreferredStock": "None",
        "dividendPayout": "None",
        "dividendPayoutCommonStock": "None",
        "dividendPayoutPreferredStock": "None",
        "proceedsFromIssuanceOfCommonStock": "None",
        "proceedsFromIssuanceOfLongTermDebtAndCapitalSecuritiesNet": "None",
        "proceedsFromIssuanceOfPreferredStock": "None",
        "proceedsFromRepurchaseOfEquity": "-1070064",
        "proceedsFromSaleOfTreasuryStock": "None",
        "changeInCashAndCashEquivalents": "None",
        "changeInExchangeRate": "None",
        "netIncome": "-624518"
      },
      {
        "fiscalDateEnding": "2020-12-31",
        "reportedCurrency": "USD",
        "operatingCashflow": "-16143381",
        "paymentsForOperatingActivities": "None",
        "proceedsFromOperatingActivities": "None",
        "changeInOperatingLiabilities": "None",
        "changeInOperatingAssets": "None",
        "depreciationDepletionAndAmortization": "1306170",
        "capitalExpenditures": "2099087",
        "changeInReceivables": "None",
        "changeInInventory": "-8023159",
        "profitLoss": "None",
        "cashflowFromInvestment": "-9359652",
        "cashflowFromFinancing": "-726294",
        "proceedsFromRepaymentsOfShortTermDebt": "None",
        "paymentsForRepurchaseOfCommonStock": "None",
        "paymentsForRepurchaseOfEquity": "None",
        "paymentsForRepurchaseOfPreferredStock": "None",
        "dividendPayout": "None",
        "dividendPayoutCommonStock": "None",
        "dividendPayoutPreferredStock": "None",
        "proceedsFromIssuanceOfCommonStock": "None",
        "proceedsFromIssuanceOfLongTermDebtAndCapitalSecuritiesNet": "None",
        "proceedsFromIssuanceOfPreferredStock": "None",
        "proceedsFromRepurchaseOfEquity": "-1079282",
        "proceedsFromSaleOfTreasuryStock": "None",
        "changeInCashAndCashEquivalents": "None",
        "changeInExchangeRate": "None",
        "netIncome": "1798958"
      },
      {
        "fiscalDateEnding": "2020-09-30",
        "reportedCurrency": "USD",
        "operatingCashflow": "-7502278",
        "paymentsForOperatingActivities": "None",
        "proceedsFromOperatingActivities": "None",
        "changeInOperatingLiabilities": "None",
        "changeInOperatingAssets": "None",
        "depreciationDepletionAndAmortization": "1157299",
        "capitalExpenditures": "1789939",
        "changeInReceivables": "None",
        "changeInInventory": "-5124373",
        "profitLoss": "None",
        "cashflowFromInvestment": "-2835658",
        "cashflowFromFinancing": "12900037",
        "proceedsFromRepaymentsOfShortTermDebt": "None",
        "paymentsForRepurchaseOfCommonStock": "None",
        "paymentsForRepurchaseOfEquity": "None",
        "paymentsForRepurchaseOfPreferredStock": "None",
        "dividendPayout": "None",
        "dividendPayoutCommonStock": "None",
        "dividendPayoutPreferredStock": "None",
        "proceedsFromIssuanceOfCommonStock": "None",
        "proceedsFromIssuanceOfLongTermDebtAndCapitalSecuritiesNet": "None",
        "proceedsFromIssuanceOfPreferredStock": "None",
        "proceedsFromRepurchaseOfEquity": "-529278",
        "proceedsFromSaleOfTreasuryStock": "None",
        "changeInCashAndCashEquivalents": "None",
        "changeInExchangeRate": "None",
        "netIncome": "-6370262"
      },
      {
        "fiscalDateEnding": "2020-06-30",
        "reportedCurrency": "USD",
        "operatingCashflow": "76981",
        "paymentsForOperatingActivities": "None",
        "proceedsFromOperatingActivities": "None",
        "changeInOperatingLiabilities": "None",
        "changeInOperatingAssets": "None",
        "depreciationDepletionAndAmortization": "1071506",
        "capitalExpenditures": "2089546",
        "changeInReceivables": "None",
        "changeInInventory": "-2022705",
        "profitLoss": "None",
        "cashflowFromInvestment": "-19837257",
        "cashflowFromFinancing": "-912018",
        "proceedsFromRepaymentsOfShortTermDebt": "None",
        "paymentsForRepurchaseOfCommonStock": "None",
        "paymentsForRepurchaseOfEquity": "None",
        "paymentsForRepurchaseOfPreferredStock": "None",
        "dividendPayout": "None",
        "dividendPayoutCommonStock": "None",
        "dividendPayoutPreferredStock": "None",
        "proceedsFromIssuanceOfCommonStock": "None",
        "proceedsFromIssuanceOfLongTermDebtAndCapitalSecuritiesNet": "None",
        "proceedsFromIssuanceOfPreferredStock": "None",
        "proceedsFromRepurchaseOfEquity": "-30906",
        "proceedsFromSaleOfTreasuryStock": "None",
        "changeInCashAndCashEquivalents": "None",
        "changeInExchangeRate": "None",
        "netIncome": "3137996"
      },
      {
        "fiscalDateEnding": "2020-03-31",
        "reportedCurrency": "USD",
        "operatingCashflow": "5062119",
        "paymentsForOperatingActivities": "None",
        "proceedsFromOperatingActivities": "None",
        "changeInOperatingLiabilities": "None",
        "changeInOperatingAssets": "None",
        "depreciationDepletionAndAmortization": "1254359",
        "capitalExpenditures": "802947",
        "changeInReceivables": "None",
        "changeInInventory": "3486510",
        "profitLoss": "None",
        "cashflowFromInvestment": "-782380",
        "cashflowFromFinancing": "33159054",
        "proceedsFromRepaymentsOfShortTermDebt": "None",
        "paymentsForRepurchaseOfCommonStock": "None",
        "paymentsForRepurchaseOfEquity": "None",
        "paymentsForRepurchaseOfPreferredStock": "None",
        "dividendPayout": "None",
        "dividendPayoutCommonStock": "None",
        "dividendPayoutPreferredStock": "None",
        "proceedsFromIssuanceOfCommonStock": "None",
        "proceedsFromIssuanceOfLongTermDebtAndCapitalSecuritiesNet": "None",
        "proceedsFromIssuanceOfPreferredStock": "None",
        "proceedsFromRepurchaseOfEquity": "-30906",
        "proceedsFromSaleOfTreasuryStock": "None",
        "changeInCashAndCashEquivalents": "None",
        "changeInExchangeRate": "None",
        "netIncome": "-3573449"
      },
      {
        "fiscalDateEnding": "2019-12-31",
        "reportedCurrency": "USD",
        "operatingCashflow": "-4932194",
        "paymentsForOperatingActivities": "None",
        "proceedsFromOperatingActivities": "None",
        "changeInOperatingLiabilities": "None",
        "changeInOperatingAssets": "None",
        "depreciationDepletionAndAmortization": "1244502",
        "capitalExpenditures": "691695",
        "changeInReceivables": "None",
        "changeInInventory": "1355186",
        "profitLoss": "None",
        "cashflowFromInvestment": "-684948",
        "cashflowFromFinancing": "10621719",
        "proceedsFromRepaymentsOfShortTermDebt": "None",
        "paymentsForRepurchaseOfCommonStock": "None",
        "paymentsForRepurchaseOfEquity": "None",
        "paymentsForRepurchaseOfPreferredStock": "None",
        "dividendPayout": "None",
        "dividendPayoutCommonStock": "None",
        "dividendPayoutPreferredStock": "None",
        "proceedsFromIssuanceOfCommonStock": "None",
        "proceedsFromIssuanceOfLongTermDebtAndCapitalSecuritiesNet": "None",
        "proceedsFromIssuanceOfPreferredStock": "None",
        "proceedsFromRepurchaseOfEquity": "None",
        "proceedsFromSaleOfTreasuryStock": "None",
        "changeInCashAndCashEquivalents": "None",
        "changeInExchangeRate": "None",
        "netIncome": "12649826"
      },
      {
        "fiscalDateEnding": "2019-09-30",
        "reportedCurrency": "USD",
        "operatingCashflow": "5406327",
        "paymentsForOperatingActivities": "None",
        "proceedsFromOperatingActivities": "None",
        "changeInOperatingLiabilities": "None",
        "changeInOperatingAssets": "None",
        "depreciationDepletionAndAmortization": "1156121",
        "capitalExpenditures": "917988",
        "changeInReceivables": "None",
        "changeInInventory": "-7590725",
        "profitLoss": "None",
        "cashflowFromInvestment": "-907664",
        "cashflowFromFinancing": "-3529038",
        "proceedsFromRepaymentsOfShortTermDebt": "None",
        "paymentsForRepurchaseOfCommonStock": "None",
        "paymentsForRepurchaseOfEquity": "None",
        "paymentsForRepurchaseOfPreferredStock": "None",
        "dividendPayout": "None",
        "dividendPayoutCommonStock": "None",
        "dividendPayoutPreferredStock": "None",
        "proceedsFromIssuanceOfCommonStock": "None",
        "proceedsFromIssuanceOfLongTermDebtAndCapitalSecuritiesNet": "None",
        "proceedsFromIssuanceOfPreferredStock": "None",
        "proceedsFromRepurchaseOfEquity": "None",
        "proceedsFromSaleOfTreasuryStock": "None",
        "changeInCashAndCashEquivalents": "None",
        "changeInExchangeRate": "None",
        "netIncome": "-7977745"
      },
      {
        "fiscalDateEnding": "2019-06-30",
        "reportedCurrency": "USD",
        "operatingCashflow": "5406327",
        "paymentsForOperatingActivities": "None",
        "proceedsFromOperatingActivities": "None",
        "changeInOperatingLiabilities": "None",
        "changeInOperatingAssets": "None",
        "depreciationDepletionAndAmortization": "1156121",
        "capitalExpenditures": "917988",
        "changeInReceivables": "0",
        "changeInInventory": "-7590725",
        "profitLoss": "None",
        "cashflowFromInvestment": "-1620384",
        "cashflowFromFinancing": "-3529038",
        "proceedsFromRepaymentsOfShortTermDebt": "None",
        "paymentsForRepurchaseOfCommonStock": "None",
        "paymentsForRepurchaseOfEquity": "None",
        "paymentsForRepurchaseOfPreferredStock": "None",
        "dividendPayout": "0",
        "dividendPayoutCommonStock": "0",
        "dividendPayoutPreferredStock": "None",
        "proceedsFromIssuanceOfCommonStock": "None",
        "proceedsFromIssuanceOfLongTermDebtAndCapitalSecuritiesNet": "None",
        "proceedsFromIssuanceOfPreferredStock": "None",
        "proceedsFromRepurchaseOfEquity": "0",
        "proceedsFromSaleOfTreasuryStock": "None",
        "changeInCashAndCashEquivalents": "0",
        "changeInExchangeRate": "0",
        "netIncome": "-7977745"
      },
      {
        "fiscalDateEnding": "2019-03-31",
        "reportedCurrency": "USD",
        "operatingCashflow": "19309243",
        "paymentsForOperatingActivities": "None",
        "proceedsFromOperatingActivities": "None",
        "changeInOperatingLiabilities": "None",
        "changeInOperatingAssets": "None",
        "depreciationDepletionAndAmortization": "1083383",
        "capitalExpenditures": "431397",
        "changeInReceivables": "0",
        "changeInInventory": "888333",
        "profitLoss": "None",
        "cashflowFromInvestment": "-91293",
        "cashflowFromFinancing": "-17808218",
        "proceedsFromRepaymentsOfShortTermDebt": "None",
        "paymentsForRepurchaseOfCommonStock": "None",
        "paymentsForRepurchaseOfEquity": "None",
        "paymentsForRepurchaseOfPreferredStock": "None",
        "dividendPayout": "0",
        "dividendPayoutCommonStock": "0",
        "dividendPayoutPreferredStock": "None",
        "proceedsFromIssuanceOfCommonStock": "None",
        "proceedsFromIssuanceOfLongTermDebtAndCapitalSecuritiesNet": "None",
        "proceedsFromIssuanceOfPreferredStock": "None",
        "proceedsFromRepurchaseOfEquity": "0",
        "proceedsFromSaleOfTreasuryStock": "None",
        "changeInCashAndCashEquivalents": "0",
        "changeInExchangeRate": "0",
        "netIncome": "-21474709"
      },
      {
        "fiscalDateEnding": "2018-12-31",
        "reportedCurrency": "USD",
        "operatingCashflow": "-247782",
        "paymentsForOperatingActivities": "None",
        "proceedsFromOperatingActivities": "None",
        "changeInOperatingLiabilities": "None",
        "changeInOperatingAssets": "None",
        "depreciationDepletionAndAmortization": "1177853",
        "capitalExpenditures": "1255080",
        "changeInReceivables": "0",
        "changeInInventory": "-792835",
        "profitLoss": "None",
        "cashflowFromInvestment": "-1035130",
        "cashflowFromFinancing": "17148325",
        "proceedsFromRepaymentsOfShortTermDebt": "None",
        "paymentsForRepurchaseOfCommonStock": "None",
        "paymentsForRepurchaseOfEquity": "None",
        "paymentsForRepurchaseOfPreferredStock": "None",
        "dividendPayout": "0",
        "dividendPayoutCommonStock": "0",
        "dividendPayoutPreferredStock": "None",
        "proceedsFromIssuanceOfCommonStock": "None",
        "proceedsFromIssuanceOfLongTermDebtAndCapitalSecuritiesNet": "None",
        "proceedsFromIssuanceOfPreferredStock": "None",
        "proceedsFromRepurchaseOfEquity": "0",
        "proceedsFromSaleOfTreasuryStock": "None",
        "changeInCashAndCashEquivalents": "0",
        "changeInExchangeRate": "0",
        "netIncome": "231461"
      },
      {
        "fiscalDateEnding": "2018-09-30",
        "reportedCurrency": "USD",
        "operatingCashflow": "-301194",
        "paymentsForOperatingActivities": "None",
        "proceedsFromOperatingActivities": "None",
        "changeInOperatingLiabilities": "None",
        "changeInOperatingAssets": "None",
        "depreciationDepletionAndAmortization": "749450",
        "capitalExpenditures": "114063",
        "changeInReceivables": "0",
        "changeInInventory": "-3969880",
        "profitLoss": "None",
        "cashflowFromInvestment": "-514045",
        "cashflowFromFinancing": "-200",
        "proceedsFromRepaymentsOfShortTermDebt": "None",
        "paymentsForRepurchaseOfCommonStock": "None",
        "paymentsForRepurchaseOfEquity": "None",
        "paymentsForRepurchaseOfPreferredStock": "None",
        "dividendPayout": "0",
        "dividendPayoutCommonStock": "0",
        "dividendPayoutPreferredStock": "None",
        "proceedsFromIssuanceOfCommonStock": "None",
        "proceedsFromIssuanceOfLongTermDebtAndCapitalSecuritiesNet": "None",
        "proceedsFromIssuanceOfPreferredStock": "None",
        "proceedsFromRepurchaseOfEquity": "0",
        "proceedsFromSaleOfTreasuryStock": "None",
        "changeInCashAndCashEquivalents": "0",
        "changeInExchangeRate": "0",
        "netIncome": "304413"
      },
      {
        "fiscalDateEnding": "2018-06-30",
        "reportedCurrency": "USD",
        "operatingCashflow": "-88709",
        "paymentsForOperatingActivities": "None",
        "proceedsFromOperatingActivities": "None",
        "changeInOperatingLiabilities": "None",
        "changeInOperatingAssets": "None",
        "depreciationDepletionAndAmortization": "971447",
        "capitalExpenditures": "608830",
        "changeInReceivables": "None",
        "changeInInventory": "8754144",
        "profitLoss": "None",
        "cashflowFromInvestment": "-1361571",
        "cashflowFromFinancing": "-17825185",
        "proceedsFromRepaymentsOfShortTermDebt": "None",
        "paymentsForRepurchaseOfCommonStock": "None",
        "paymentsForRepurchaseOfEquity": "None",
        "paymentsForRepurchaseOfPreferredStock": "None",
        "dividendPayout": "None",
        "dividendPayoutCommonStock": "None",
        "dividendPayoutPreferredStock": "None",
        "proceedsFromIssuanceOfCommonStock": "None",
        "proceedsFromIssuanceOfLongTermDebtAndCapitalSecuritiesNet": "None",
        "proceedsFromIssuanceOfPreferredStock": "None",
        "proceedsFromRepurchaseOfEquity": "None",
        "proceedsFromSaleOfTreasuryStock": "None",
        "changeInCashAndCashEquivalents": "None",
        "changeInExchangeRate": "None",
        "netIncome": "295551"
      },
      {
        "fiscalDateEnding": "2018-03-31",
        "reportedCurrency": "USD",
        "operatingCashflow": "-362549",
        "paymentsForOperatingActivities": "None",
        "proceedsFromOperatingActivities": "None",
        "changeInOperatingLiabilities": "None",
        "changeInOperatingAssets": "None",
        "depreciationDepletionAndAmortization": "878787",
        "capitalExpenditures": "408621",
        "changeInReceivables": "0",
        "changeInInventory": "1145353",
        "profitLoss": "None",
        "cashflowFromInvestment": "-116150000",
        "cashflowFromFinancing": "117375371",
        "proceedsFromRepaymentsOfShortTermDebt": "None",
        "paymentsForRepurchaseOfCommonStock": "None",
        "paymentsForRepurchaseOfEquity": "None",
        "paymentsForRepurchaseOfPreferredStock": "None",
        "dividendPayout": "0",
        "dividendPayoutCommonStock": "0",
        "dividendPayoutPreferredStock": "None",
        "proceedsFromIssuanceOfCommonStock": "None",
        "proceedsFromIssuanceOfLongTermDebtAndCapitalSecuritiesNet": "None",
        "proceedsFromIssuanceOfPreferredStock": "None",
        "proceedsFromRepurchaseOfEquity": "0",
        "proceedsFromSaleOfTreasuryStock": "None",
        "changeInCashAndCashEquivalents": "0",
        "changeInExchangeRate": "0",
        "netIncome": "-89074"
      },
      {
        "fiscalDateEnding": "2017-12-31",
        "reportedCurrency": "USD",
        "operatingCashflow": "-12765",
        "paymentsForOperatingActivities": "None",
        "proceedsFromOperatingActivities": "None",
        "changeInOperatingLiabilities": "None",
        "changeInOperatingAssets": "None",
        "depreciationDepletionAndAmortization": "1002316",
        "capitalExpenditures": "1471118",
        "changeInReceivables": "None",
        "changeInInventory": "5611732",
        "profitLoss": "None",
        "cashflowFromInvestment": "-2621693",
        "cashflowFromFinancing": "124832",
        "proceedsFromRepaymentsOfShortTermDebt": "None",
        "paymentsForRepurchaseOfCommonStock": "None",
        "paymentsForRepurchaseOfEquity": "None",
        "paymentsForRepurchaseOfPreferredStock": "None",
        "dividendPayout": "0",
        "dividendPayoutCommonStock": "0",
        "dividendPayoutPreferredStock": "None",
        "proceedsFromIssuanceOfCommonStock": "None",
        "proceedsFromIssuanceOfLongTermDebtAndCapitalSecuritiesNet": "None",
        "proceedsFromIssuanceOfPreferredStock": "None",
        "proceedsFromRepurchaseOfEquity": "0",
        "proceedsFromSaleOfTreasuryStock": "None",
        "changeInCashAndCashEquivalents": "None",
        "changeInExchangeRate": "None",
        "netIncome": "-12765"
      },
      {
        "fiscalDateEnding": "2017-09-30",
        "reportedCurrency": "None",
        "operatingCashflow": "-5685244",
        "paymentsForOperatingActivities": "None",
        "proceedsFromOperatingActivities": "None",
        "changeInOperatingLiabilities": "None",
        "changeInOperatingAssets": "None",
        "depreciationDepletionAndAmortization": "1120495",
        "capitalExpenditures": "303225",
        "changeInReceivables": "None",
        "changeInInventory": "-5155807",
        "profitLoss": "None",
        "cashflowFromInvestment": "-2474403",
        "cashflowFromFinancing": "7925212",
        "proceedsFromRepaymentsOfShortTermDebt": "None",
        "paymentsForRepurchaseOfCommonStock": "None",
        "paymentsForRepurchaseOfEquity": "None",
        "paymentsForRepurchaseOfPreferredStock": "None",
        "dividendPayout": "None",
        "dividendPayoutCommonStock": "None",
        "dividendPayoutPreferredStock": "None",
        "proceedsFromIssuanceOfCommonStock": "None",
        "proceedsFromIssuanceOfLongTermDebtAndCapitalSecuritiesNet": "None",
        "proceedsFromIssuanceOfPreferredStock": "None",
        "proceedsFromRepurchaseOfEquity": "None",
        "proceedsFromSaleOfTreasuryStock": "None",
        "changeInCashAndCashEquivalents": "None",
        "changeInExchangeRate": "None",
        "netIncome": "-826318"
      },
      {
        "fiscalDateEnding": "2017-06-30",
        "reportedCurrency": "USD",
        "operatingCashflow": "-5685244",
        "paymentsForOperatingActivities": "None",
        "proceedsFromOperatingActivities": "None",
        "changeInOperatingLiabilities": "None",
        "changeInOperatingAssets": "None",
        "depreciationDepletionAndAmortization": "1120495",
        "capitalExpenditures": "303225",
        "changeInReceivables": "None",
        "changeInInventory": "-5155807",
        "profitLoss": "None",
        "cashflowFromInvestment": "-371900.53",
        "cashflowFromFinancing": "7925212",
        "proceedsFromRepaymentsOfShortTermDebt": "None",
        "paymentsForRepurchaseOfCommonStock": "None",
        "paymentsForRepurchaseOfEquity": "None",
        "paymentsForRepurchaseOfPreferredStock": "None",
        "dividendPayout": "0",
        "dividendPayoutCommonStock": "0",
        "dividendPayoutPreferredStock": "None",
        "proceedsFromIssuanceOfCommonStock": "None",
        "proceedsFromIssuanceOfLongTermDebtAndCapitalSecuritiesNet": "None",
        "proceedsFromIssuanceOfPreferredStock": "None",
        "proceedsFromRepurchaseOfEquity": "0",
        "proceedsFromSaleOfTreasuryStock": "None",
        "changeInCashAndCashEquivalents": "None",
        "changeInExchangeRate": "None",
        "netIncome": "-826318"
      },
      {
        "fiscalDateEnding": "2015-06-30",
        "reportedCurrency": "USD",
        "operatingCashflow": "None",
        "paymentsForOperatingActivities": "None",
        "proceedsFromOperatingActivities": "None",
        "changeInOperatingLiabilities": "None",
        "changeInOperatingAssets": "None",
        "depreciationDepletionAndAmortization": "None",
        "capitalExpenditures": "36000",
        "changeInReceivables": "None",
        "changeInInventory": "None",
        "profitLoss": "None",
        "cashflowFromInvestment": "None",
        "cashflowFromFinancing": "2416000",
        "proceedsFromRepaymentsOfShortTermDebt": "None",
        "paymentsForRepurchaseOfCommonStock": "None",
        "paymentsForRepurchaseOfEquity": "None",
        "paymentsForRepurchaseOfPreferredStock": "None",
        "dividendPayout": "None",
        "dividendPayoutCommonStock": "None",
        "dividendPayoutPreferredStock": "None",
        "proceedsFromIssuanceOfCommonStock": "None",
        "proceedsFromIssuanceOfLongTermDebtAndCapitalSecuritiesNet": "None",
        "proceedsFromIssuanceOfPreferredStock": "None",
        "proceedsFromRepurchaseOfEquity": "None",
        "proceedsFromSaleOfTreasuryStock": "None",
        "changeInCashAndCashEquivalents": "None",
        "changeInExchangeRate": "None",
        "netIncome": "None"
      },
      {
        "fiscalDateEnding": "2014-12-31",
        "reportedCurrency": "USD",
        "operatingCashflow": "None",
        "paymentsForOperatingActivities": "None",
        "proceedsFromOperatingActivities": "None",
        "changeInOperatingLiabilities": "None",
        "changeInOperatingAssets": "None",
        "depreciationDepletionAndAmortization": "None",
        "capitalExpenditures": "190000",
        "changeInReceivables": "None",
        "changeInInventory": "None",
        "profitLoss": "None",
        "cashflowFromInvestment": "None",
        "cashflowFromFinancing": "7753000",
        "proceedsFromRepaymentsOfShortTermDebt": "None",
        "paymentsForRepurchaseOfCommonStock": "None",
        "paymentsForRepurchaseOfEquity": "None",
        "paymentsForRepurchaseOfPreferredStock": "None",
        "dividendPayout": "None",
        "dividendPayoutCommonStock": "None",
        "dividendPayoutPreferredStock": "None",
        "proceedsFromIssuanceOfCommonStock": "None",
        "proceedsFromIssuanceOfLongTermDebtAndCapitalSecuritiesNet": "None",
        "proceedsFromIssuanceOfPreferredStock": "None",
        "proceedsFromRepurchaseOfEquity": "None",
        "proceedsFromSaleOfTreasuryStock": "None",
        "changeInCashAndCashEquivalents": "None",
        "changeInExchangeRate": "None",
        "netIncome": "332000"
      }
    ]
  },
  "incomeStatement": {
    "symbol": "BIOX",
    "annualReports": [
      {
        "fiscalDateEnding": "2025-06-30",
        "reportedCurrency": "USD",
        "grossProfit": "130199999",
        "totalRevenue": "333300000",
        "costOfRevenue": "203100000",
        "costofGoodsAndServicesSold": "203100000",
        "operatingIncome": "-3700000",
        "sellingGeneralAndAdministrative": "72468767",
        "researchAndDevelopment": "14914822",
        "operatingExpenses": "133900000",
        "investmentIncomeNet": "None",
        "netInterestIncome": "-33708839",
        "interestIncome": "None",
        "interestExpense": "50100000",
        "nonInterestIncome": "None",
        "otherNonOperatingIncome": "None",
        "depreciation": "None",
        "depreciationAndAmortization": "17392012",
        "incomeBeforeTax": "-53900000",
        "incomeTaxExpense": "1300000",
        "interestAndDebtExpense": "None",
        "netIncomeFromContinuingOperations": "-58845253",
        "comprehensiveIncomeNetOfTax": "None",
        "ebit": "-3800000",
        "ebitda": "13592012",
        "netIncome": "-51800000"
      },
      {
        "fiscalDateEnding": "2024-06-30",
        "reportedCurrency": "USD",
        "grossProfit": "181589000",
        "totalRevenue": "464829000",
        "costOfRevenue": "283240000",
        "costofGoodsAndServicesSold": "283240000",
        "operatingIncome": "44821000",
        "sellingGeneralAndAdministrative": "77449565",
        "researchAndDevelopment": "17183000",
        "operatingExpenses": "136768000",
        "investmentIncomeNet": "None",
        "netInterestIncome": "-26871698",
        "interestIncome": "None",
        "interestExpense": "26872000",
        "nonInterestIncome": "None",
        "otherNonOperatingIncome": "None",
        "depreciation": "None",
        "depreciationAndAmortization": "21295000",
        "incomeBeforeTax": "10035000",
        "incomeTaxExpense": "3779000",
        "interestAndDebtExpense": "None",
        "netIncomeFromContinuingOperations": "6256656",
        "comprehensiveIncomeNetOfTax": "None",
        "ebit": "34160000",
        "ebitda": "55455000",
        "netIncome": "3243000"
      },
      {
        "fiscalDateEnding": "2023-06-30",
        "reportedCurrency": "USD",
        "grossProfit": "180248507",
        "totalRevenue": "419446439",
        "costOfRevenue": "239197932",
        "costofGoodsAndServicesSold": "239197932",
        "operatingIncome": "54183965",
        "sellingGeneralAndAdministrative": "70226083",
        "researchAndDevelopment": "15345315",
        "operatingExpenses": "111760255",
        "investmentIncomeNet": "None",
        "netInterestIncome": "-23788085",
        "interestIncome": "None",
        "interestExpense": "23788085",
        "nonInterestIncome": "None",
        "otherNonOperatingIncome": "None",
        "depreciation": "None",
        "depreciationAndAmortization": "19390601",
        "incomeBeforeTax": "19105947",
        "incomeTaxExpense": "-1068652",
        "interestAndDebtExpense": "None",
        "netIncomeFromContinuingOperations": "20174599",
        "comprehensiveIncomeNetOfTax": "None",
        "ebit": "52985337",
        "ebitda": "72375938",
        "netIncome": "18779876"
      },
      {
        "fiscalDateEnding": "2022-06-30",
        "reportedCurrency": "USD",
        "grossProfit": "126437000",
        "totalRevenue": "328455588",
        "costOfRevenue": "202018588",
        "costofGoodsAndServicesSold": "202018588",
        "operatingIncome": "39869926",
        "sellingGeneralAndAdministrative": "42989595",
        "researchAndDevelopment": "6947460",
        "operatingExpenses": "84905090",
        "investmentIncomeNet": "None",
        "netInterestIncome": "-35300000",
        "interestIncome": "None",
        "interestExpense": "17926197",
        "nonInterestIncome": "None",
        "otherNonOperatingIncome": "None",
        "depreciation": "None",
        "depreciationAndAmortization": "9187935",
        "incomeBeforeTax": "14063630",
        "incomeTaxExpense": "17972534",
        "interestAndDebtExpense": "None",
        "netIncomeFromContinuingOperations": "19800000",
        "comprehensiveIncomeNetOfTax": "None",
        "ebit": "38725508",
        "ebitda": "47913443",
        "netIncome": "-7199618"
      },
      {
        "fiscalDateEnding": "2021-06-30",
        "reportedCurrency": "USD",
        "grossProfit": "90882072",
        "totalRevenue": "206697620",
        "costOfRevenue": "115815548",
        "costofGoodsAndServicesSold": "115815548",
        "operatingIncome": "38382888",
        "sellingGeneralAndAdministrative": "29828717",
        "researchAndDevelopment": "5617655",
        "operatingExpenses": "49970575",
        "investmentIncomeNet": "None",
        "netInterestIncome": "-25953635",
        "interestIncome": "None",
        "interestExpense": "21240236",
        "nonInterestIncome": "None",
        "otherNonOperatingIncome": "None",
        "depreciation": "None",
        "depreciationAndAmortization": "6264841",
        "incomeBeforeTax": "10530548",
        "incomeTaxExpense": "14351170",
        "interestAndDebtExpense": "None",
        "netIncomeFromContinuingOperations": "-4052450",
        "comprehensiveIncomeNetOfTax": "None",
        "ebit": "37437175",
        "ebitda": "43702016",
        "netIncome": "-6870163"
      },
      {
        "fiscalDateEnding": "2020-06-30",
        "reportedCurrency": "USD",
        "grossProfit": "79491852",
        "totalRevenue": "172350699",
        "costOfRevenue": "92858847",
        "costofGoodsAndServicesSold": "92858847",
        "operatingIncome": "39145980",
        "sellingGeneralAndAdministrative": "23745634",
        "researchAndDevelopment": "4195270",
        "operatingExpenses": "41323767",
        "investmentIncomeNet": "None",
        "netInterestIncome": "-27462000",
        "interestIncome": "None",
        "interestExpense": "19397098",
        "nonInterestIncome": "None",
        "otherNonOperatingIncome": "None",
        "depreciation": "None",
        "depreciationAndAmortization": "4733567",
        "incomeBeforeTax": "6443338",
        "incomeTaxExpense": "2206710",
        "interestAndDebtExpense": "None",
        "netIncomeFromContinuingOperations": "-3407980",
        "comprehensiveIncomeNetOfTax": "None",
        "ebit": "25840436",
        "ebitda": "30574003",
        "netIncome": "3359175"
      },
      {
        "fiscalDateEnding": "2019-06-30",
        "reportedCurrency": "USD",
        "grossProfit": "73624043",
        "totalRevenue": "160308979",
        "costOfRevenue": "86684936",
        "costofGoodsAndServicesSold": "86684936",
        "operatingIncome": "32085610",
        "sellingGeneralAndAdministrative": "25975553",
        "researchAndDevelopment": "3689391",
        "operatingExpenses": "41833150",
        "investmentIncomeNet": "None",
        "netInterestIncome": "-20880526",
        "interestIncome": "1487213",
        "interestExpense": "21836542",
        "nonInterestIncome": "None",
        "otherNonOperatingIncome": "0",
        "depreciation": "None",
        "depreciationAndAmortization": "4827175",
        "incomeBeforeTax": "-9372607",
        "incomeTaxExpense": "6986284",
        "interestAndDebtExpense": "None",
        "netIncomeFromContinuingOperations": "4236628",
        "comprehensiveIncomeNetOfTax": "None",
        "ebit": "12463935",
        "ebitda": "17291110",
        "netIncome": "-18369045"
      },
      {
        "fiscalDateEnding": "2018-06-30",
        "reportedCurrency": "USD",
        "grossProfit": "56396567",
        "totalRevenue": "133491118",
        "costOfRevenue": "77094551",
        "costofGoodsAndServicesSold": "77094551",
        "operatingIncome": "15710953",
        "sellingGeneralAndAdministrative": "33024183",
        "researchAndDevelopment": "3950100",
        "operatingExpenses": "38548813",
        "investmentIncomeNet": "None",
        "netInterestIncome": "-17188653",
        "interestIncome": "40950720",
        "interestExpense": "15560578",
        "nonInterestIncome": "None",
        "otherNonOperatingIncome": "0",
        "depreciation": "None",
        "depreciationAndAmortization": "4372357",
        "incomeBeforeTax": "-25239763",
        "incomeTaxExpense": "-10928517",
        "interestAndDebtExpense": "None",
        "netIncomeFromContinuingOperations": "-14311246",
        "comprehensiveIncomeNetOfTax": "None",
        "ebit": "-4385122",
        "ebitda": "-12765",
        "netIncome": "-11039533"
      },
      {
        "fiscalDateEnding": "2017-06-30",
        "reportedCurrency": "USD",
        "grossProfit": "33847528",
        "totalRevenue": "93706738",
        "costOfRevenue": "59859210",
        "costofGoodsAndServicesSold": "59859210",
        "operatingIncome": "-706924",
        "sellingGeneralAndAdministrative": "25292476",
        "researchAndDevelopment": "3980536",
        "operatingExpenses": "41319590",
        "investmentIncomeNet": "None",
        "netInterestIncome": "None",
        "interestIncome": "10193260",
        "interestExpense": "14919538",
        "nonInterestIncome": "None",
        "otherNonOperatingIncome": "0",
        "depreciation": "None",
        "depreciationAndAmortization": "4606336",
        "incomeBeforeTax": "-22391600",
        "incomeTaxExpense": "-5634502",
        "interestAndDebtExpense": "None",
        "netIncomeFromContinuingOperations": "-16757098",
        "comprehensiveIncomeNetOfTax": "None",
        "ebit": "-706924",
        "ebitda": "3899412",
        "netIncome": "-11817854"
      },
      {
        "fiscalDateEnding": "2016-06-30",
        "reportedCurrency": "USD",
        "grossProfit": "1220146",
        "totalRevenue": "5100395",
        "costOfRevenue": "3880249",
        "costofGoodsAndServicesSold": "3880249",
        "operatingIncome": "-334950",
        "sellingGeneralAndAdministrative": "1142502",
        "researchAndDevelopment": "302774",
        "operatingExpenses": "1033836",
        "investmentIncomeNet": "None",
        "netInterestIncome": "None",
        "interestIncome": "8249580",
        "interestExpense": "0",
        "nonInterestIncome": "None",
        "otherNonOperatingIncome": "None",
        "depreciation": "None",
        "depreciationAndAmortization": "73608",
        "incomeBeforeTax": "-503285",
        "incomeTaxExpense": "690726",
        "interestAndDebtExpense": "None",
        "netIncomeFromContinuingOperations": "None",
        "comprehensiveIncomeNetOfTax": "None",
        "ebit": "-334950",
        "ebitda": "-261342",
        "netIncome": "-1194011"
      },
      {
        "fiscalDateEnding": "2015-12-31",
        "reportedCurrency": "USD",
        "grossProfit": "1220146",
        "totalRevenue": "5100395",
        "costOfRevenue": "3880249",
        "costofGoodsAndServicesSold": "3880249",
        "operatingIncome": "-334950",
        "sellingGeneralAndAdministrative": "1142502",
        "researchAndDevelopment": "302774",
        "operatingExpenses": "1033836",
        "investmentIncomeNet": "None",
        "netInterestIncome": "None",
        "interestIncome": "None",
        "interestExpense": "689594",
        "nonInterestIncome": "None",
        "otherNonOperatingIncome": "0",
        "depreciation": "None",
        "depreciationAndAmortization": "73608",
        "incomeBeforeTax": "-503285",
        "incomeTaxExpense": "690726",
        "interestAndDebtExpense": "None",
        "netIncomeFromContinuingOperations": "-1191508.83",
        "comprehensiveIncomeNetOfTax": "None",
        "ebit": "-334950",
        "ebitda": "-261342",
        "netIncome": "-1194011"
      },
      {
        "fiscalDateEnding": "2015-06-30",
        "reportedCurrency": "USD",
        "grossProfit": "4394000",
        "totalRevenue": "10470000",
        "costOfRevenue": "6076000",
        "costofGoodsAndServicesSold": "6076000",
        "operatingIncome": "335000",
        "sellingGeneralAndAdministrative": "3527000",
        "researchAndDevelopment": "302000",
        "operatingExpenses": "None",
        "investmentIncomeNet": "None",
        "netInterestIncome": "None",
        "interestIncome": "None",
        "interestExpense": "0",
        "nonInterestIncome": "None",
        "otherNonOperatingIncome": "None",
        "depreciation": "None",
        "depreciationAndAmortization": "None",
        "incomeBeforeTax": "None",
        "incomeTaxExpense": "690000",
        "interestAndDebtExpense": "None",
        "netIncomeFromContinuingOperations": "None",
        "comprehensiveIncomeNetOfTax": "None",
        "ebit": "None",
        "ebitda": "None",
        "netIncome": "None"
      }
    ],
    "quarterlyReports": [
      {
        "fiscalDateEnding": "2025-09-30",
        "reportedCurrency": "USD",
        "grossProfit": "31708647",
        "totalRevenue": "77435995",
        "costOfRevenue": "45727348",
        "costofGoodsAndServicesSold": "45727348",
        "operatingIncome": "6806110",
        "sellingGeneralAndAdministrative": "14315696",
        "researchAndDevelopment": "5716468",
        "operatingExpenses": "28436851",
        "investmentIncomeNet": "None",
        "netInterestIncome": "-9100000",
        "interestIncome": "None",
        "interestExpense": "9116403",
        "nonInterestIncome": "None",
        "otherNonOperatingIncome": "None",
        "depreciation": "None",
        "depreciationAndAmortization": "5831700",
        "incomeBeforeTax": "-5365237",
        "incomeTaxExpense": "2082995",
        "interestAndDebtExpense": "None",
        "netIncomeFromContinuingOperations": "-7600000",
        "comprehensiveIncomeNetOfTax": "None",
        "ebit": "3454395",
        "ebitda": "9286095",
        "netIncome": "-7327885"
      },
      {
        "fiscalDateEnding": "2025-06-30",
        "reportedCurrency": "USD",
        "grossProfit": "24200000",
        "totalRevenue": "74400000",
        "costOfRevenue": "50200000",
        "costofGoodsAndServicesSold": "50200000",
        "operatingIncome": "-14900000",
        "sellingGeneralAndAdministrative": "22657954",
        "researchAndDevelopment": "2650960",
        "operatingExpenses": "39100000",
        "investmentIncomeNet": "None",
        "netInterestIncome": "-13008551",
        "interestIncome": "None",
        "interestExpense": "26200000",
        "nonInterestIncome": "None",
        "otherNonOperatingIncome": "None",
        "depreciation": "None",
        "depreciationAndAmortization": "4320266",
        "incomeBeforeTax": "-41200000",
        "incomeTaxExpense": "6800000",
        "interestAndDebtExpense": "None",
        "netIncomeFromContinuingOperations": "-51661377",
        "comprehensiveIncomeNetOfTax": "None",
        "ebit": "-15100000",
        "ebitda": "-10779734",
        "netIncome": "-44300000"
      },
      {
        "fiscalDateEnding": "2025-03-31",
        "reportedCurrency": "USD",
        "grossProfit": "23474514",
        "totalRevenue": "59596050",
        "costOfRevenue": "36121536",
        "costofGoodsAndServicesSold": "36121536",
        "operatingIncome": "933210",
        "sellingGeneralAndAdministrative": "16874149",
        "researchAndDevelopment": "3659747",
        "operatingExpenses": "22541304",
        "investmentIncomeNet": "None",
        "netInterestIncome": "-6106655",
        "interestIncome": "None",
        "interestExpense": "6106655",
        "nonInterestIncome": "None",
        "otherNonOperatingIncome": "None",
        "depreciation": "None",
        "depreciationAndAmortization": "6074197",
        "incomeBeforeTax": "-5597118",
        "incomeTaxExpense": "-4006054",
        "interestAndDebtExpense": "None",
        "netIncomeFromContinuingOperations": "-1591064",
        "comprehensiveIncomeNetOfTax": "None",
        "ebit": "559233",
        "ebitda": "6633430",
        "netIncome": "-1303923"
      },
      {
        "fiscalDateEnding": "2024-12-31",
        "reportedCurrency": "USD",
        "grossProfit": "45100000",
        "totalRevenue": "106800000",
        "costOfRevenue": "61700000",
        "costofGoodsAndServicesSold": "61700000",
        "operatingIncome": "7900000",
        "sellingGeneralAndAdministrative": "27707787",
        "researchAndDevelopment": "4192836",
        "operatingExpenses": "35884770",
        "investmentIncomeNet": "None",
        "netInterestIncome": "-7500000",
        "interestIncome": "None",
        "interestExpense": "7431785",
        "nonInterestIncome": "None",
        "otherNonOperatingIncome": "None",
        "depreciation": "None",
        "depreciationAndAmortization": "4342840",
        "incomeBeforeTax": "45994",
        "incomeTaxExpense": "-200000",
        "interestAndDebtExpense": "None",
        "netIncomeFromContinuingOperations": "600000",
        "comprehensiveIncomeNetOfTax": "None",
        "ebit": "7558476",
        "ebitda": "11901316",
        "netIncome": "100000"
      },
      {
        "fiscalDateEnding": "2024-09-30",
        "reportedCurrency": "USD",
        "grossProfit": "37221473",
        "totalRevenue": "92600000",
        "costOfRevenue": "55378527",
        "costofGoodsAndServicesSold": "55378527",
        "operatingIncome": "2368607",
        "sellingGeneralAndAdministrative": "17225580",
        "researchAndDevelopment": "5368622",
        "operatingExpenses": "34873944",
        "investmentIncomeNet": "None",
        "netInterestIncome": "-6200000",
        "interestIncome": "None",
        "interestExpense": "6200000",
        "nonInterestIncome": "None",
        "otherNonOperatingIncome": "None",
        "depreciation": "None",
        "depreciationAndAmortization": "4380906",
        "incomeBeforeTax": "-6400000",
        "incomeTaxExpense": "-1200000",
        "interestAndDebtExpense": "None",
        "netIncomeFromContinuingOperations": "-5200000",
        "comprehensiveIncomeNetOfTax": "None",
        "ebit": "2954925",
        "ebitda": "7335831",
        "netIncome": "-5500000"
      },
      {
        "fiscalDateEnding": "2024-06-30",
        "reportedCurrency": "USD",
        "grossProfit": "46073575",
        "totalRevenue": "124313155",
        "costOfRevenue": "78239580",
        "costofGoodsAndServicesSold": "78239580",
        "operatingIncome": "9483266",
        "sellingGeneralAndAdministrative": "12512804",
        "researchAndDevelopment": "5368622",
        "operatingExpenses": "36590309",
        "investmentIncomeNet": "None",
        "netInterestIncome": "-8158496",
        "interestIncome": "None",
        "interestExpense": "15600000",
        "nonInterestIncome": "None",
        "otherNonOperatingIncome": "None",
        "depreciation": "None",
        "depreciationAndAmortization": "5535512",
        "incomeBeforeTax": "-6108670",
        "incomeTaxExpense": "4027980",
        "interestAndDebtExpense": "None",
        "netIncomeFromContinuingOperations": "-2080690",
        "comprehensiveIncomeNetOfTax": "None",
        "ebit": "9900861",
        "ebitda": "15436373",
        "netIncome": "-1530680"
      },
      {
        "fiscalDateEnding": "2024-03-31",
        "reportedCurrency": "USD",
        "grossProfit": "42600000",
        "totalRevenue": "84000000",
        "costOfRevenue": "41400000",
        "costofGoodsAndServicesSold": "41400000",
        "operatingIncome": "13200820",
        "sellingGeneralAndAdministrative": "29569108",
        "researchAndDevelopment": "3590101",
        "operatingExpenses": "29279700",
        "investmentIncomeNet": "None",
        "netInterestIncome": "-4400000",
        "interestIncome": "None",
        "interestExpense": "4400000",
        "nonInterestIncome": "None",
        "otherNonOperatingIncome": "None",
        "depreciation": "None",
        "depreciationAndAmortization": "4942277",
        "incomeBeforeTax": "8821477",
        "incomeTaxExpense": "-955832",
        "interestAndDebtExpense": "None",
        "netIncomeFromContinuingOperations": "9800000",
        "comprehensiveIncomeNetOfTax": "None",
        "ebit": "15150696",
        "ebitda": "20092973",
        "netIncome": "9257226"
      },
      {
        "fiscalDateEnding": "2023-12-31",
        "reportedCurrency": "USD",
        "grossProfit": "51500000",
        "totalRevenue": "140300000",
        "costOfRevenue": "88800000",
        "costofGoodsAndServicesSold": "88800000",
        "operatingIncome": "16800000",
        "sellingGeneralAndAdministrative": "33656247",
        "researchAndDevelopment": "3643077",
        "operatingExpenses": "34700000",
        "investmentIncomeNet": "None",
        "netInterestIncome": "-7300000",
        "interestIncome": "None",
        "interestExpense": "7300000",
        "nonInterestIncome": "None",
        "otherNonOperatingIncome": "None",
        "depreciation": "None",
        "depreciationAndAmortization": "4914841",
        "incomeBeforeTax": "9538501",
        "incomeTaxExpense": "8300000",
        "interestAndDebtExpense": "None",
        "netIncomeFromContinuingOperations": "1300000",
        "comprehensiveIncomeNetOfTax": "None",
        "ebit": "14800000",
        "ebitda": "19714841",
        "netIncome": "108449"
      },
      {
        "fiscalDateEnding": "2023-09-30",
        "reportedCurrency": "USD",
        "grossProfit": "43531621",
        "totalRevenue": "116182805",
        "costOfRevenue": "72651184",
        "costofGoodsAndServicesSold": "72651184",
        "operatingIncome": "5294568",
        "sellingGeneralAndAdministrative": "21808506",
        "researchAndDevelopment": "4581241",
        "operatingExpenses": "39392804",
        "investmentIncomeNet": "None",
        "netInterestIncome": "-4300000",
        "interestIncome": "None",
        "interestExpense": "7032304",
        "nonInterestIncome": "None",
        "otherNonOperatingIncome": "None",
        "depreciation": "None",
        "depreciationAndAmortization": "4827808",
        "incomeBeforeTax": "-2249424",
        "incomeTaxExpense": "429040",
        "interestAndDebtExpense": "None",
        "netIncomeFromContinuingOperations": "-2600000",
        "comprehensiveIncomeNetOfTax": "None",
        "ebit": "4782880",
        "ebitda": "9610688",
        "netIncome": "-4591634"
      },
      {
        "fiscalDateEnding": "2023-06-30",
        "reportedCurrency": "USD",
        "grossProfit": "38703382",
        "totalRevenue": "105069979",
        "costOfRevenue": "66366597",
        "costofGoodsAndServicesSold": "66366597",
        "operatingIncome": "5105480",
        "sellingGeneralAndAdministrative": "1472719",
        "researchAndDevelopment": "4141522",
        "operatingExpenses": "32208712",
        "investmentIncomeNet": "None",
        "netInterestIncome": "-9700000",
        "interestIncome": "None",
        "interestExpense": "5760162",
        "nonInterestIncome": "None",
        "otherNonOperatingIncome": "None",
        "depreciation": "None",
        "depreciationAndAmortization": "4414597",
        "incomeBeforeTax": "-4366215",
        "incomeTaxExpense": "-1576574",
        "interestAndDebtExpense": "None",
        "netIncomeFromContinuingOperations": "-3100000",
        "comprehensiveIncomeNetOfTax": "None",
        "ebit": "1455748",
        "ebitda": "5870345",
        "netIncome": "-1707553"
      },
      {
        "fiscalDateEnding": "2023-03-31",
        "reportedCurrency": "USD",
        "grossProfit": "56355782",
        "totalRevenue": "92984498",
        "costOfRevenue": "36628716",
        "costofGoodsAndServicesSold": "36628716",
        "operatingIncome": "29866720",
        "sellingGeneralAndAdministrative": "22699776",
        "researchAndDevelopment": "3893887",
        "operatingExpenses": "26867207",
        "investmentIncomeNet": "None",
        "netInterestIncome": "-7577828",
        "interestIncome": "None",
        "interestExpense": "5760162",
        "nonInterestIncome": "None",
        "otherNonOperatingIncome": "None",
        "depreciation": "None",
        "depreciationAndAmortization": "4986795",
        "incomeBeforeTax": "22288892",
        "incomeTaxExpense": "-5189627",
        "interestAndDebtExpense": "None",
        "netIncomeFromContinuingOperations": "27478519",
        "comprehensiveIncomeNetOfTax": "None",
        "ebit": "29488575",
        "ebitda": "34475370",
        "netIncome": "28200000"
      },
      {
        "fiscalDateEnding": "2022-12-31",
        "reportedCurrency": "USD",
        "grossProfit": "33759903",
        "totalRevenue": "94548714",
        "costOfRevenue": "60788811",
        "costofGoodsAndServicesSold": "60788811",
        "operatingIncome": "2218969",
        "sellingGeneralAndAdministrative": "27056769",
        "researchAndDevelopment": "3457892",
        "operatingExpenses": "31580982",
        "investmentIncomeNet": "None",
        "netInterestIncome": "-9963524",
        "interestIncome": "None",
        "interestExpense": "9960342",
        "nonInterestIncome": "None",
        "otherNonOperatingIncome": "None",
        "depreciation": "None",
        "depreciationAndAmortization": "5453857",
        "incomeBeforeTax": "-7741373",
        "incomeTaxExpense": "684906",
        "interestAndDebtExpense": "None",
        "netIncomeFromContinuingOperations": "-8360084",
        "comprehensiveIncomeNetOfTax": "None",
        "ebit": "-1981888",
        "ebitda": "3471969",
        "netIncome": "-8156746"
      },
      {
        "fiscalDateEnding": "2022-09-30",
        "reportedCurrency": "USD",
        "grossProfit": "51429440",
        "totalRevenue": "126843248",
        "costOfRevenue": "75413808",
        "costofGoodsAndServicesSold": "75413808",
        "operatingIncome": "16992796",
        "sellingGeneralAndAdministrative": "18966419",
        "researchAndDevelopment": "3852014",
        "operatingExpenses": "35122831",
        "investmentIncomeNet": "None",
        "netInterestIncome": "-6779847",
        "interestIncome": "None",
        "interestExpense": "6779847",
        "nonInterestIncome": "None",
        "otherNonOperatingIncome": "None",
        "depreciation": "None",
        "depreciationAndAmortization": "4535352",
        "incomeBeforeTax": "8924643",
        "incomeTaxExpense": "5012643",
        "interestAndDebtExpense": "None",
        "netIncomeFromContinuingOperations": "3912000",
        "comprehensiveIncomeNetOfTax": "None",
        "ebit": "14643953",
        "ebitda": "19179305",
        "netIncome": "498297"
      },
      {
        "fiscalDateEnding": "2022-06-30",
        "reportedCurrency": "USD",
        "grossProfit": "36424271",
        "totalRevenue": "101556854",
        "costOfRevenue": "65132583",
        "costofGoodsAndServicesSold": "65132583",
        "operatingIncome": "9981045",
        "sellingGeneralAndAdministrative": "14288717",
        "researchAndDevelopment": "2295857",
        "operatingExpenses": "26694669",
        "investmentIncomeNet": "None",
        "netInterestIncome": "-7768098",
        "interestIncome": "None",
        "interestExpense": "4899053",
        "nonInterestIncome": "None",
        "otherNonOperatingIncome": "None",
        "depreciation": "None",
        "depreciationAndAmortization": "3518311",
        "incomeBeforeTax": "2360286",
        "incomeTaxExpense": "6895963",
        "interestAndDebtExpense": "None",
        "netIncomeFromContinuingOperations": "-4679223",
        "comprehensiveIncomeNetOfTax": "None",
        "ebit": "7751173",
        "ebitda": "11269484",
        "netIncome": "-5014127"
      },
      {
        "fiscalDateEnding": "2022-03-31",
        "reportedCurrency": "None",
        "grossProfit": "23659878",
        "totalRevenue": "68231084",
        "costOfRevenue": "44571206",
        "costofGoodsAndServicesSold": "44571206",
        "operatingIncome": "2147455",
        "sellingGeneralAndAdministrative": "16734508",
        "researchAndDevelopment": "1836029",
        "operatingExpenses": "21308469",
        "investmentIncomeNet": "None",
        "netInterestIncome": "None",
        "interestIncome": "None",
        "interestExpense": "4784248",
        "nonInterestIncome": "None",
        "otherNonOperatingIncome": "None",
        "depreciation": "None",
        "depreciationAndAmortization": "2123606",
        "incomeBeforeTax": "-2636793",
        "incomeTaxExpense": "4340156",
        "interestAndDebtExpense": "None",
        "netIncomeFromContinuingOperations": "None",
        "comprehensiveIncomeNetOfTax": "None",
        "ebit": "2910119",
        "ebitda": "5033725",
        "netIncome": "-6486721"
      },
      {
        "fiscalDateEnding": "2021-12-31",
        "reportedCurrency": "USD",
        "grossProfit": "37329527",
        "totalRevenue": "92313776",
        "costOfRevenue": "54984249",
        "costofGoodsAndServicesSold": "54984249",
        "operatingIncome": "17701229",
        "sellingGeneralAndAdministrative": "17540491",
        "researchAndDevelopment": "1384032",
        "operatingExpenses": "20769621",
        "investmentIncomeNet": "None",
        "netInterestIncome": "-8221621",
        "interestIncome": "None",
        "interestExpense": "8221621",
        "nonInterestIncome": "None",
        "otherNonOperatingIncome": "None",
        "depreciation": "None",
        "depreciationAndAmortization": "1686633",
        "incomeBeforeTax": "9479608",
        "incomeTaxExpense": "4141102",
        "interestAndDebtExpense": "None",
        "netIncomeFromContinuingOperations": "5338506",
        "comprehensiveIncomeNetOfTax": "None",
        "ebit": "17701229",
        "ebitda": "19387862",
        "netIncome": "3427093"
      },
      {
        "fiscalDateEnding": "2021-09-30",
        "reportedCurrency": "USD",
        "grossProfit": "29023324",
        "totalRevenue": "66353874",
        "costOfRevenue": "37330550",
        "costofGoodsAndServicesSold": "37330550",
        "operatingIncome": "10040197",
        "sellingGeneralAndAdministrative": "8830281",
        "researchAndDevelopment": "1431542",
        "operatingExpenses": "18563249",
        "investmentIncomeNet": "None",
        "netInterestIncome": "-5179668",
        "interestIncome": "None",
        "interestExpense": "3342809",
        "nonInterestIncome": "None",
        "otherNonOperatingIncome": "None",
        "depreciation": "None",
        "depreciationAndAmortization": "1859385",
        "incomeBeforeTax": "4860529",
        "incomeTaxExpense": "2595313",
        "interestAndDebtExpense": "None",
        "netIncomeFromContinuingOperations": "2265217",
        "comprehensiveIncomeNetOfTax": "None",
        "ebit": "7413613",
        "ebitda": "9272998",
        "netIncome": "874137"
      },
      {
        "fiscalDateEnding": "2021-06-30",
        "reportedCurrency": "USD",
        "grossProfit": "32657108",
        "totalRevenue": "81052764",
        "costOfRevenue": "48395656",
        "costofGoodsAndServicesSold": "48395656",
        "operatingIncome": "13706209",
        "sellingGeneralAndAdministrative": "4866187",
        "researchAndDevelopment": "2035382",
        "operatingExpenses": "18175469",
        "investmentIncomeNet": "None",
        "netInterestIncome": "-4784248",
        "interestIncome": "None",
        "interestExpense": "6117675",
        "nonInterestIncome": "None",
        "otherNonOperatingIncome": "None",
        "depreciation": "None",
        "depreciationAndAmortization": "2028285",
        "incomeBeforeTax": "9494207",
        "incomeTaxExpense": "8119007",
        "interestAndDebtExpense": "None",
        "netIncomeFromContinuingOperations": "-6976949",
        "comprehensiveIncomeNetOfTax": "None",
        "ebit": "14756326",
        "ebitda": "16784611",
        "netIncome": "633686"
      },
      {
        "fiscalDateEnding": "2021-03-31",
        "reportedCurrency": "USD",
        "grossProfit": "15318657",
        "totalRevenue": "35536258",
        "costOfRevenue": "20217601",
        "costofGoodsAndServicesSold": "20217601",
        "operatingIncome": "4774194",
        "sellingGeneralAndAdministrative": "9604787",
        "researchAndDevelopment": "1443241",
        "operatingExpenses": "11450704",
        "investmentIncomeNet": "None",
        "netInterestIncome": "-5008001",
        "interestIncome": "None",
        "interestExpense": "4480381",
        "nonInterestIncome": "None",
        "otherNonOperatingIncome": "None",
        "depreciation": "None",
        "depreciationAndAmortization": "1773087",
        "incomeBeforeTax": "-233808",
        "incomeTaxExpense": "390710",
        "interestAndDebtExpense": "None",
        "netIncomeFromContinuingOperations": "-624517",
        "comprehensiveIncomeNetOfTax": "None",
        "ebit": "3867953",
        "ebitda": "5641040",
        "netIncome": "-1180484"
      },
      {
        "fiscalDateEnding": "2020-12-31",
        "reportedCurrency": "USD",
        "grossProfit": "23664292",
        "totalRevenue": "48003308",
        "costOfRevenue": "24339016",
        "costofGoodsAndServicesSold": "24339016",
        "operatingIncome": "11531419",
        "sellingGeneralAndAdministrative": "10619490",
        "researchAndDevelopment": "1114820",
        "operatingExpenses": "12198848",
        "investmentIncomeNet": "None",
        "netInterestIncome": "-5800000",
        "interestIncome": "None",
        "interestExpense": "5366130",
        "nonInterestIncome": "None",
        "otherNonOperatingIncome": "None",
        "depreciation": "None",
        "depreciationAndAmortization": "1306170",
        "incomeBeforeTax": "5568570",
        "incomeTaxExpense": "3835587",
        "interestAndDebtExpense": "None",
        "netIncomeFromContinuingOperations": "1800000",
        "comprehensiveIncomeNetOfTax": "None",
        "ebit": "11000675",
        "ebitda": "12306845",
        "netIncome": "648193"
      },
      {
        "fiscalDateEnding": "2020-09-30",
        "reportedCurrency": "USD",
        "grossProfit": "19242015",
        "totalRevenue": "42105290",
        "costOfRevenue": "22863275",
        "costofGoodsAndServicesSold": "22863275",
        "operatingIncome": "8371066",
        "sellingGeneralAndAdministrative": "6585371",
        "researchAndDevelopment": "1024212",
        "operatingExpenses": "11013730",
        "investmentIncomeNet": "None",
        "netInterestIncome": "-5276050",
        "interestIncome": "None",
        "interestExpense": "5280673",
        "nonInterestIncome": "None",
        "otherNonOperatingIncome": "None",
        "depreciation": "None",
        "depreciationAndAmortization": "1157299",
        "incomeBeforeTax": "-4364396",
        "incomeTaxExpense": "2005866",
        "interestAndDebtExpense": "None",
        "netIncomeFromContinuingOperations": "-6370262",
        "comprehensiveIncomeNetOfTax": "None",
        "ebit": "440098",
        "ebitda": "1597397",
        "netIncome": "-6971558"
      },
      {
        "fiscalDateEnding": "2020-06-30",
        "reportedCurrency": "USD",
        "grossProfit": "22826367",
        "totalRevenue": "48131626",
        "costOfRevenue": "25305259",
        "costofGoodsAndServicesSold": "25305259",
        "operatingIncome": "12755447",
        "sellingGeneralAndAdministrative": "10323742",
        "researchAndDevelopment": "803604",
        "operatingExpenses": "11381688",
        "investmentIncomeNet": "None",
        "netInterestIncome": "-4734311",
        "interestIncome": "None",
        "interestExpense": "4621724",
        "nonInterestIncome": "None",
        "otherNonOperatingIncome": "None",
        "depreciation": "None",
        "depreciationAndAmortization": "1071506",
        "incomeBeforeTax": "4506433",
        "incomeTaxExpense": "1368437",
        "interestAndDebtExpense": "None",
        "netIncomeFromContinuingOperations": "3137996",
        "comprehensiveIncomeNetOfTax": "None",
        "ebit": "8843507",
        "ebitda": "9915013",
        "netIncome": "2215404"
      },
      {
        "fiscalDateEnding": "2020-03-31",
        "reportedCurrency": "USD",
        "grossProfit": "10751577",
        "totalRevenue": "25716706",
        "costOfRevenue": "14965129",
        "costofGoodsAndServicesSold": "14965129",
        "operatingIncome": "645121",
        "sellingGeneralAndAdministrative": "8199323",
        "researchAndDevelopment": "1264314",
        "operatingExpenses": "9974376",
        "investmentIncomeNet": "None",
        "netInterestIncome": "-4584952",
        "interestIncome": "None",
        "interestExpense": "3594053",
        "nonInterestIncome": "None",
        "otherNonOperatingIncome": "None",
        "depreciation": "None",
        "depreciationAndAmortization": "1254359",
        "incomeBeforeTax": "-3939831",
        "incomeTaxExpense": "-366382",
        "interestAndDebtExpense": "None",
        "netIncomeFromContinuingOperations": "-3573449",
        "comprehensiveIncomeNetOfTax": "None",
        "ebit": "-1301746",
        "ebitda": "-47387",
        "netIncome": "-3120733"
      },
      {
        "fiscalDateEnding": "2019-12-31",
        "reportedCurrency": "USD",
        "grossProfit": "30029162",
        "totalRevenue": "62272547",
        "costOfRevenue": "32243385",
        "costofGoodsAndServicesSold": "32243385",
        "operatingIncome": "19564963",
        "sellingGeneralAndAdministrative": "9754961",
        "researchAndDevelopment": "923613",
        "operatingExpenses": "11705157",
        "investmentIncomeNet": "None",
        "netInterestIncome": "-3471629",
        "interestIncome": "3471630",
        "interestExpense": "9376482",
        "nonInterestIncome": "None",
        "otherNonOperatingIncome": "None",
        "depreciation": "None",
        "depreciationAndAmortization": "1244502",
        "incomeBeforeTax": "16093334",
        "incomeTaxExpense": "3443508",
        "interestAndDebtExpense": "None",
        "netIncomeFromContinuingOperations": "12649826",
        "comprehensiveIncomeNetOfTax": "None",
        "ebit": "24997712",
        "ebitda": "26242214",
        "netIncome": "11314881"
      },
      {
        "fiscalDateEnding": "2019-09-30",
        "reportedCurrency": "USD",
        "grossProfit": "15884746",
        "totalRevenue": "36229820",
        "costOfRevenue": "20345074",
        "costofGoodsAndServicesSold": "20345074",
        "operatingIncome": "6180449",
        "sellingGeneralAndAdministrative": "5698930",
        "researchAndDevelopment": "1203739",
        "operatingExpenses": "9510194",
        "investmentIncomeNet": "None",
        "netInterestIncome": "-5327034",
        "interestIncome": "611709",
        "interestExpense": "5682088",
        "nonInterestIncome": "None",
        "otherNonOperatingIncome": "None",
        "depreciation": "None",
        "depreciationAndAmortization": "1156121",
        "incomeBeforeTax": "-10216598",
        "incomeTaxExpense": "-2238853",
        "interestAndDebtExpense": "None",
        "netIncomeFromContinuingOperations": "-7977745",
        "comprehensiveIncomeNetOfTax": "None",
        "ebit": "-4534512",
        "ebitda": "-3378391",
        "netIncome": "-7050377"
      },
      {
        "fiscalDateEnding": "2019-06-30",
        "reportedCurrency": "USD",
        "grossProfit": "15884746",
        "totalRevenue": "36229820",
        "costOfRevenue": "20345074",
        "costofGoodsAndServicesSold": "20345074",
        "operatingIncome": "6180449",
        "sellingGeneralAndAdministrative": "5698930",
        "researchAndDevelopment": "1203739",
        "operatingExpenses": "9510194",
        "investmentIncomeNet": "None",
        "netInterestIncome": "-6853592",
        "interestIncome": "967673",
        "interestExpense": "4502024",
        "nonInterestIncome": "None",
        "otherNonOperatingIncome": "0",
        "depreciation": "None",
        "depreciationAndAmortization": "1156121",
        "incomeBeforeTax": "-10216598",
        "incomeTaxExpense": "-2238853",
        "interestAndDebtExpense": "None",
        "netIncomeFromContinuingOperations": "-1246676",
        "comprehensiveIncomeNetOfTax": "None",
        "ebit": "-4534512",
        "ebitda": "-3378391",
        "netIncome": "-7050377"
      },
      {
        "fiscalDateEnding": "2019-03-31",
        "reportedCurrency": "USD",
        "grossProfit": "7686355",
        "totalRevenue": "18682627",
        "costOfRevenue": "10996272",
        "costofGoodsAndServicesSold": "10996272",
        "operatingIncome": "-2415553",
        "sellingGeneralAndAdministrative": "8159798",
        "researchAndDevelopment": "1147269",
        "operatingExpenses": "9595701",
        "investmentIncomeNet": "None",
        "netInterestIncome": "-2129833",
        "interestIncome": "2129830",
        "interestExpense": "22215869",
        "nonInterestIncome": "None",
        "otherNonOperatingIncome": "0",
        "depreciation": "None",
        "depreciationAndAmortization": "1083383",
        "incomeBeforeTax": "-24283861",
        "incomeTaxExpense": "-1605093",
        "interestAndDebtExpense": "None",
        "netIncomeFromContinuingOperations": "-22678768",
        "comprehensiveIncomeNetOfTax": "None",
        "ebit": "-2067992",
        "ebitda": "-984609",
        "netIncome": "-21474709"
      },
      {
        "fiscalDateEnding": "2018-12-31",
        "reportedCurrency": "USD",
        "grossProfit": "29299092",
        "totalRevenue": "62452761",
        "costOfRevenue": "33153669",
        "costofGoodsAndServicesSold": "33153669",
        "operatingIncome": "-378049",
        "sellingGeneralAndAdministrative": "10177458",
        "researchAndDevelopment": "45665",
        "operatingExpenses": "378049",
        "investmentIncomeNet": "None",
        "netInterestIncome": "None",
        "interestIncome": "6389690",
        "interestExpense": "22215869",
        "nonInterestIncome": "None",
        "otherNonOperatingIncome": "0",
        "depreciation": "None",
        "depreciationAndAmortization": "1177853",
        "incomeBeforeTax": "231461",
        "incomeTaxExpense": "7021142",
        "interestAndDebtExpense": "None",
        "netIncomeFromContinuingOperations": "11165810",
        "comprehensiveIncomeNetOfTax": "None",
        "ebit": "231461",
        "ebitda": "1409314",
        "netIncome": "231461"
      },
      {
        "fiscalDateEnding": "2018-09-30",
        "reportedCurrency": "USD",
        "grossProfit": "15044721",
        "totalRevenue": "29605745",
        "costOfRevenue": "14561024",
        "costofGoodsAndServicesSold": "14561024",
        "operatingIncome": "-224138",
        "sellingGeneralAndAdministrative": "4991717",
        "researchAndDevelopment": "1048492",
        "operatingExpenses": "224138",
        "investmentIncomeNet": "None",
        "netInterestIncome": "None",
        "interestIncome": "None",
        "interestExpense": "22215869",
        "nonInterestIncome": "None",
        "otherNonOperatingIncome": "0",
        "depreciation": "None",
        "depreciationAndAmortization": "749450",
        "incomeBeforeTax": "304413",
        "incomeTaxExpense": "1970393",
        "interestAndDebtExpense": "None",
        "netIncomeFromContinuingOperations": "-3599257",
        "comprehensiveIncomeNetOfTax": "None",
        "ebit": "304412",
        "ebitda": "1053862",
        "netIncome": "304413"
      },
      {
        "fiscalDateEnding": "2018-06-30",
        "reportedCurrency": "USD",
        "grossProfit": "14408797",
        "totalRevenue": "31608807",
        "costOfRevenue": "17200010",
        "costofGoodsAndServicesSold": "17200010",
        "operatingIncome": "-161540",
        "sellingGeneralAndAdministrative": "6102255",
        "researchAndDevelopment": "1099164",
        "operatingExpenses": "161540",
        "investmentIncomeNet": "None",
        "netInterestIncome": "None",
        "interestIncome": "None",
        "interestExpense": "457091",
        "nonInterestIncome": "None",
        "otherNonOperatingIncome": "None",
        "depreciation": "None",
        "depreciationAndAmortization": "-457091",
        "incomeBeforeTax": "295551",
        "incomeTaxExpense": "3550166",
        "interestAndDebtExpense": "None",
        "netIncomeFromContinuingOperations": "None",
        "comprehensiveIncomeNetOfTax": "None",
        "ebit": "752641",
        "ebitda": "295550",
        "netIncome": "295551"
      },
      {
        "fiscalDateEnding": "2018-03-31",
        "reportedCurrency": "USD",
        "grossProfit": "8654066",
        "totalRevenue": "20903741",
        "costOfRevenue": "12249675",
        "costofGoodsAndServicesSold": "12249675",
        "operatingIncome": "-208471",
        "sellingGeneralAndAdministrative": "312289",
        "researchAndDevelopment": "784138",
        "operatingExpenses": "208471",
        "investmentIncomeNet": "None",
        "netInterestIncome": "None",
        "interestIncome": "None",
        "interestExpense": "119397",
        "nonInterestIncome": "None",
        "otherNonOperatingIncome": "0",
        "depreciation": "None",
        "depreciationAndAmortization": "-119397",
        "incomeBeforeTax": "-89074",
        "incomeTaxExpense": "1522299",
        "interestAndDebtExpense": "None",
        "netIncomeFromContinuingOperations": "-5403730.37",
        "comprehensiveIncomeNetOfTax": "None",
        "ebit": "30326",
        "ebitda": "-89071",
        "netIncome": "-89074"
      },
      {
        "fiscalDateEnding": "2017-12-31",
        "reportedCurrency": "USD",
        "grossProfit": "19264374",
        "totalRevenue": "47119021",
        "costOfRevenue": "27854647",
        "costofGoodsAndServicesSold": "27854647",
        "operatingIncome": "-12765",
        "sellingGeneralAndAdministrative": "12765",
        "researchAndDevelopment": "1128424",
        "operatingExpenses": "12765",
        "investmentIncomeNet": "None",
        "netInterestIncome": "None",
        "interestIncome": "None",
        "interestExpense": "1813104.65",
        "nonInterestIncome": "None",
        "otherNonOperatingIncome": "None",
        "depreciation": "None",
        "depreciationAndAmortization": "1002317",
        "incomeBeforeTax": "-12765",
        "incomeTaxExpense": "5566215",
        "interestAndDebtExpense": "None",
        "netIncomeFromContinuingOperations": "724664.27",
        "comprehensiveIncomeNetOfTax": "None",
        "ebit": "-1015082",
        "ebitda": "-12765",
        "netIncome": "-12765"
      },
      {
        "fiscalDateEnding": "2017-09-30",
        "reportedCurrency": "None",
        "grossProfit": "14823757",
        "totalRevenue": "33859549",
        "costOfRevenue": "19035792",
        "costofGoodsAndServicesSold": "19035792",
        "operatingIncome": "5591223",
        "sellingGeneralAndAdministrative": "6832625",
        "researchAndDevelopment": "938374",
        "operatingExpenses": "12199547",
        "investmentIncomeNet": "None",
        "netInterestIncome": "None",
        "interestIncome": "None",
        "interestExpense": "None",
        "nonInterestIncome": "None",
        "otherNonOperatingIncome": "None",
        "depreciation": "None",
        "depreciationAndAmortization": "1120495",
        "incomeBeforeTax": "-912936",
        "incomeTaxExpense": "-289837",
        "interestAndDebtExpense": "None",
        "netIncomeFromContinuingOperations": "None",
        "comprehensiveIncomeNetOfTax": "None",
        "ebit": "5591223",
        "ebitda": "6711718",
        "netIncome": "-826318"
      },
      {
        "fiscalDateEnding": "2017-06-30",
        "reportedCurrency": "USD",
        "grossProfit": "14823757",
        "totalRevenue": "33859549",
        "costOfRevenue": "19035792",
        "costofGoodsAndServicesSold": "19035792",
        "operatingIncome": "5591223",
        "sellingGeneralAndAdministrative": "6832625",
        "researchAndDevelopment": "938374",
        "operatingExpenses": "12199547",
        "investmentIncomeNet": "None",
        "netInterestIncome": "None",
        "interestIncome": "None",
        "interestExpense": "3537146",
        "nonInterestIncome": "None",
        "otherNonOperatingIncome": "None",
        "depreciation": "None",
        "depreciationAndAmortization": "1120495",
        "incomeBeforeTax": "-912936",
        "incomeTaxExpense": "289837",
        "interestAndDebtExpense": "None",
        "netIncomeFromContinuingOperations": "-93651.22",
        "comprehensiveIncomeNetOfTax": "None",
        "ebit": "5591223",
        "ebitda": "6711718",
        "netIncome": "-826318"
      },
      {
        "fiscalDateEnding": "2015-06-30",
        "reportedCurrency": "USD",
        "grossProfit": "None",
        "totalRevenue": "3382000",
        "costOfRevenue": "1654000",
        "costofGoodsAndServicesSold": "1654000",
        "operatingIncome": "None",
        "sellingGeneralAndAdministrative": "2690000",
        "researchAndDevelopment": "876000",
        "operatingExpenses": "None",
        "investmentIncomeNet": "None",
        "netInterestIncome": "None",
        "interestIncome": "None",
        "interestExpense": "711000",
        "nonInterestIncome": "None",
        "otherNonOperatingIncome": "None",
        "depreciation": "None",
        "depreciationAndAmortization": "None",
        "incomeBeforeTax": "None",
        "incomeTaxExpense": "None",
        "interestAndDebtExpense": "None",
        "netIncomeFromContinuingOperations": "None",
        "comprehensiveIncomeNetOfTax": "None",
        "ebit": "None",
        "ebitda": "None",
        "netIncome": "None"
      },
      {
        "fiscalDateEnding": "2014-12-31",
        "reportedCurrency": "USD",
        "grossProfit": "None",
        "totalRevenue": "7940000",
        "costOfRevenue": "4662000",
        "costofGoodsAndServicesSold": "4662000",
        "operatingIncome": "1486000",
        "sellingGeneralAndAdministrative": "1530000",
        "researchAndDevelopment": "None",
        "operatingExpenses": "None",
        "investmentIncomeNet": "None",
        "netInterestIncome": "None",
        "interestIncome": "None",
        "interestExpense": "117000",
        "nonInterestIncome": "None",
        "otherNonOperatingIncome": "None",
        "depreciation": "None",
        "depreciationAndAmortization": "None",
        "incomeBeforeTax": "354000",
        "incomeTaxExpense": "68000",
        "interestAndDebtExpense": "None",
        "netIncomeFromContinuingOperations": "None",
        "comprehensiveIncomeNetOfTax": "None",
        "ebit": "None",
        "ebitda": "None",
        "netIncome": "332000"
      },
      {
        "fiscalDateEnding": "2014-06-30",
        "reportedCurrency": "USD",
        "grossProfit": "None",
        "totalRevenue": "2530000",
        "costOfRevenue": "1414000",
        "costofGoodsAndServicesSold": "1414000",
        "operatingIncome": "None",
        "sellingGeneralAndAdministrative": "1997000",
        "researchAndDevelopment": "675000",
        "operatingExpenses": "None",
        "investmentIncomeNet": "None",
        "netInterestIncome": "None",
        "interestIncome": "None",
        "interestExpense": "592000",
        "nonInterestIncome": "None",
        "otherNonOperatingIncome": "None",
        "depreciation": "None",
        "depreciationAndAmortization": "None",
        "incomeBeforeTax": "None",
        "incomeTaxExpense": "622000",
        "interestAndDebtExpense": "None",
        "netIncomeFromContinuingOperations": "None",
        "comprehensiveIncomeNetOfTax": "None",
        "ebit": "None",
        "ebitda": "None",
        "netIncome": "None"
      }
    ]
  }
}