{
  "ticker": "INV",
  "balanceSheet": {
    "symbol": "INV",
    "annualReports": [
      {
        "fiscalDateEnding": "2024-12-31",
        "reportedCurrency": "USD",
        "totalAssets": "905289000",
        "totalCurrentAssets": "24286000",
        "cashAndCashEquivalentsAtCarryingValue": "11119000",
        "cashAndShortTermInvestments": "11119000",
        "inventory": "5178000",
        "currentNetReceivables": "283000",
        "totalNonCurrentAssets": "881003000",
        "propertyPlantEquipment": "None",
        "accumulatedDepreciationAmortizationPPE": "None",
        "intangibleAssets": "182153000",
        "intangibleAssetsExcludingGoodwill": "182153000",
        "goodwill": "667936000",
        "investments": "None",
        "longTermInvestments": "28734000",
        "shortTermInvestments": "None",
        "otherCurrentAssets": "7706000",
        "otherNonCurrentAssets": "None",
        "totalLiabilities": "138996000",
        "totalCurrentLiabilities": "69347000",
        "currentAccountsPayable": "3248000",
        "deferredRevenue": "None",
        "currentDebt": "None",
        "shortTermDebt": "14625000",
        "totalNonCurrentLiabilities": "69649000",
        "capitalLeaseObligations": "None",
        "longTermDebt": "13654000",
        "currentLongTermDebt": "14625000",
        "longTermDebtNoncurrent": "None",
        "shortLongTermDebtTotal": "28279000",
        "otherCurrentLiabilities": "51474000",
        "otherNonCurrentLiabilities": "16267000",
        "totalShareholderEquity": "425516000",
        "treasuryStock": "None",
        "retainedEarnings": "-78262000",
        "commonStock": "4000",
        "commonStockSharesOutstanding": "44597154"
      },
      {
        "fiscalDateEnding": "2023-12-31",
        "reportedCurrency": "USD",
        "totalAssets": "21564000",
        "totalCurrentAssets": "5664000",
        "cashAndCashEquivalentsAtCarryingValue": "2575000",
        "cashAndShortTermInvestments": "2575000",
        "inventory": "0",
        "currentNetReceivables": "2602000",
        "totalNonCurrentAssets": "15900000",
        "propertyPlantEquipment": "None",
        "accumulatedDepreciationAmortizationPPE": "None",
        "intangibleAssets": "None",
        "intangibleAssetsExcludingGoodwill": "None",
        "goodwill": "0",
        "investments": "None",
        "longTermInvestments": "14167000",
        "shortTermInvestments": "None",
        "otherCurrentAssets": "3089000",
        "otherNonCurrentAssets": "None",
        "totalLiabilities": "40050000",
        "totalCurrentLiabilities": "8167999",
        "currentAccountsPayable": "93000",
        "deferredRevenue": "None",
        "currentDebt": "None",
        "shortTermDebt": "1912000",
        "totalNonCurrentLiabilities": "31882001",
        "capitalLeaseObligations": "None",
        "longTermDebt": "5500000",
        "currentLongTermDebt": "1912000",
        "longTermDebtNoncurrent": "None",
        "shortLongTermDebtTotal": "7412000",
        "otherCurrentLiabilities": "6162999",
        "otherNonCurrentLiabilities": "683000",
        "totalShareholderEquity": "-20045000",
        "treasuryStock": "None",
        "retainedEarnings": "-64284000",
        "commonStock": "2794000",
        "commonStockSharesOutstanding": "42696034"
      },
      {
        "fiscalDateEnding": "2022-12-31",
        "reportedCurrency": "USD",
        "totalAssets": "27979000",
        "totalCurrentAssets": "7815000",
        "cashAndCashEquivalentsAtCarryingValue": "7544000",
        "cashAndShortTermInvestments": "7544000",
        "inventory": "None",
        "currentNetReceivables": "14000",
        "totalNonCurrentAssets": "20164000",
        "propertyPlantEquipment": "None",
        "accumulatedDepreciationAmortizationPPE": "None",
        "intangibleAssets": "None",
        "intangibleAssetsExcludingGoodwill": "None",
        "goodwill": "None",
        "investments": "None",
        "longTermInvestments": "19825000",
        "shortTermInvestments": "None",
        "otherCurrentAssets": "271000",
        "otherNonCurrentAssets": "None",
        "totalLiabilities": "39172000",
        "totalCurrentLiabilities": "4322000",
        "currentAccountsPayable": "84000",
        "deferredRevenue": "None",
        "currentDebt": "None",
        "shortTermDebt": "2450000",
        "totalNonCurrentLiabilities": "34850000",
        "capitalLeaseObligations": "None",
        "longTermDebt": "3448000",
        "currentLongTermDebt": "2450000",
        "longTermDebtNoncurrent": "None",
        "shortLongTermDebtTotal": "5898000",
        "otherCurrentLiabilities": "1788000",
        "otherNonCurrentLiabilities": "295000",
        "totalShareholderEquity": "-11849000",
        "treasuryStock": "None",
        "retainedEarnings": "-38564000",
        "commonStock": "2589000",
        "commonStockSharesOutstanding": "42696034"
      },
      {
        "fiscalDateEnding": "2021-12-31",
        "reportedCurrency": "USD",
        "totalAssets": "233814927",
        "totalCurrentAssets": "945058",
        "cashAndCashEquivalentsAtCarryingValue": "237363",
        "cashAndShortTermInvestments": "237363",
        "inventory": "None",
        "currentNetReceivables": "232000",
        "totalNonCurrentAssets": "232869869",
        "propertyPlantEquipment": "None",
        "accumulatedDepreciationAmortizationPPE": "None",
        "intangibleAssets": "None",
        "intangibleAssetsExcludingGoodwill": "None",
        "goodwill": "None",
        "investments": "None",
        "longTermInvestments": "42644000",
        "shortTermInvestments": "None",
        "otherCurrentAssets": "707695",
        "otherNonCurrentAssets": "None",
        "totalLiabilities": "19788912",
        "totalCurrentLiabilities": "470368",
        "currentAccountsPayable": "228000",
        "deferredRevenue": "None",
        "currentDebt": "None",
        "shortTermDebt": "6041000",
        "totalNonCurrentLiabilities": "19318544",
        "capitalLeaseObligations": "None",
        "longTermDebt": "2725000",
        "currentLongTermDebt": "6041000",
        "longTermDebtNoncurrent": "None",
        "shortLongTermDebtTotal": "8766000",
        "otherCurrentLiabilities": "470368",
        "otherNonCurrentLiabilities": "None",
        "totalShareholderEquity": "214026015",
        "treasuryStock": "None",
        "retainedEarnings": "-18274560",
        "commonStock": "232300575",
        "commonStockSharesOutstanding": "42696034"
      }
    ],
    "quarterlyReports": [
      {
        "fiscalDateEnding": "2025-09-30",
        "reportedCurrency": "USD",
        "totalAssets": "556515000",
        "totalCurrentAssets": "32250000",
        "cashAndCashEquivalentsAtCarryingValue": "14061000",
        "cashAndShortTermInvestments": "14061000",
        "inventory": "6404000",
        "currentNetReceivables": "9080000",
        "totalNonCurrentAssets": "524265000",
        "propertyPlantEquipment": "None",
        "accumulatedDepreciationAmortizationPPE": "None",
        "intangibleAssets": "165941000",
        "intangibleAssetsExcludingGoodwill": "165941000",
        "goodwill": "323463000",
        "investments": "None",
        "longTermInvestments": "31207000",
        "shortTermInvestments": "None",
        "otherCurrentAssets": "2705000",
        "otherNonCurrentAssets": "None",
        "totalLiabilities": "149936000",
        "totalCurrentLiabilities": "82477000",
        "currentAccountsPayable": "856000",
        "deferredRevenue": "None",
        "currentDebt": "None",
        "shortTermDebt": "36483000",
        "totalNonCurrentLiabilities": "67459000",
        "capitalLeaseObligations": "None",
        "longTermDebt": "29514000",
        "currentLongTermDebt": "36483000",
        "longTermDebtNoncurrent": "None",
        "shortLongTermDebtTotal": "65997000",
        "otherCurrentLiabilities": "44362000",
        "otherNonCurrentLiabilities": "6357000",
        "totalShareholderEquity": "190769000",
        "treasuryStock": "None",
        "retainedEarnings": "-333844000",
        "commonStock": "6000",
        "commonStockSharesOutstanding": "55846721"
      },
      {
        "fiscalDateEnding": "2025-06-30",
        "reportedCurrency": "USD",
        "totalAssets": "555985000",
        "totalCurrentAssets": "21129000",
        "cashAndCashEquivalentsAtCarryingValue": "6965000",
        "cashAndShortTermInvestments": "6965000",
        "inventory": "6620000",
        "currentNetReceivables": "5089000",
        "totalNonCurrentAssets": "534856000",
        "propertyPlantEquipment": "None",
        "accumulatedDepreciationAmortizationPPE": "None",
        "intangibleAssets": "171345000",
        "intangibleAssetsExcludingGoodwill": "171345000",
        "goodwill": "323463000",
        "investments": "None",
        "longTermInvestments": "32424000",
        "shortTermInvestments": "None",
        "otherCurrentAssets": "2455000",
        "otherNonCurrentAssets": "None",
        "totalLiabilities": "129925000",
        "totalCurrentLiabilities": "72317000",
        "currentAccountsPayable": "3710000",
        "deferredRevenue": "None",
        "currentDebt": "None",
        "shortTermDebt": "28504000",
        "totalNonCurrentLiabilities": "57608000",
        "capitalLeaseObligations": "None",
        "longTermDebt": "16755000",
        "currentLongTermDebt": "28504000",
        "longTermDebtNoncurrent": "None",
        "shortLongTermDebtTotal": "45259000",
        "otherCurrentLiabilities": "39121000",
        "otherNonCurrentLiabilities": "5020000",
        "totalShareholderEquity": "218551000",
        "treasuryStock": "None",
        "retainedEarnings": "-305512000",
        "commonStock": "6000",
        "commonStockSharesOutstanding": "52546491"
      },
      {
        "fiscalDateEnding": "2025-03-31",
        "reportedCurrency": "USD",
        "totalAssets": "660419000",
        "totalCurrentAssets": "10285000",
        "cashAndCashEquivalentsAtCarryingValue": "1375000",
        "cashAndShortTermInvestments": "1375000",
        "inventory": "5220000",
        "currentNetReceivables": "237000",
        "totalNonCurrentAssets": "650134000",
        "propertyPlantEquipment": "None",
        "accumulatedDepreciationAmortizationPPE": "None",
        "intangibleAssets": "176750000",
        "intangibleAssetsExcludingGoodwill": "176750000",
        "goodwill": "436807000",
        "investments": "None",
        "longTermInvestments": "33684000",
        "shortTermInvestments": "None",
        "otherCurrentAssets": "3453000",
        "otherNonCurrentAssets": "None",
        "totalLiabilities": "105947001",
        "totalCurrentLiabilities": "47324000",
        "currentAccountsPayable": "5061000",
        "deferredRevenue": "None",
        "currentDebt": "None",
        "shortTermDebt": "2141000",
        "totalNonCurrentLiabilities": "58623001",
        "capitalLeaseObligations": "None",
        "longTermDebt": "12346000",
        "currentLongTermDebt": "2141000",
        "longTermDebtNoncurrent": "None",
        "shortLongTermDebtTotal": "14487000",
        "otherCurrentLiabilities": "40122000",
        "otherNonCurrentLiabilities": "8448000",
        "totalShareholderEquity": "290224999",
        "treasuryStock": "None",
        "retainedEarnings": "-221285000",
        "commonStock": "5000",
        "commonStockSharesOutstanding": "46252922"
      },
      {
        "fiscalDateEnding": "2024-09-30",
        "reportedCurrency": "USD",
        "totalAssets": "55731000",
        "totalCurrentAssets": "21215000",
        "cashAndCashEquivalentsAtCarryingValue": "16297000",
        "cashAndShortTermInvestments": "16297000",
        "inventory": "2824000",
        "currentNetReceivables": "210000",
        "totalNonCurrentAssets": "34516000",
        "propertyPlantEquipment": "None",
        "accumulatedDepreciationAmortizationPPE": "None",
        "intangibleAssets": "None",
        "intangibleAssetsExcludingGoodwill": "None",
        "goodwill": "None",
        "investments": "None",
        "longTermInvestments": "32359000",
        "shortTermInvestments": "None",
        "otherCurrentAssets": "2094000",
        "otherNonCurrentAssets": "None",
        "totalLiabilities": "78039000",
        "totalCurrentLiabilities": "41601000",
        "currentAccountsPayable": "4932000",
        "deferredRevenue": "None",
        "currentDebt": "None",
        "shortTermDebt": "14625000",
        "totalNonCurrentLiabilities": "36438000",
        "capitalLeaseObligations": "None",
        "longTermDebt": "282000",
        "currentLongTermDebt": "14625000",
        "longTermDebtNoncurrent": "None",
        "shortLongTermDebtTotal": "14907000",
        "otherCurrentLiabilities": "22044000",
        "otherNonCurrentLiabilities": "501000",
        "totalShareholderEquity": "-35388000",
        "treasuryStock": "None",
        "retainedEarnings": "-90952000",
        "commonStock": "2931000",
        "commonStockSharesOutstanding": "44602673"
      },
      {
        "fiscalDateEnding": "2024-06-30",
        "reportedCurrency": "USD",
        "totalAssets": "32392000",
        "totalCurrentAssets": "12221000",
        "cashAndCashEquivalentsAtCarryingValue": "2081000",
        "cashAndShortTermInvestments": "2081000",
        "inventory": "662000",
        "currentNetReceivables": "7681000",
        "totalNonCurrentAssets": "20171000",
        "propertyPlantEquipment": "None",
        "accumulatedDepreciationAmortizationPPE": "None",
        "intangibleAssets": "None",
        "intangibleAssetsExcludingGoodwill": "None",
        "goodwill": "None",
        "investments": "None",
        "longTermInvestments": "17925000",
        "shortTermInvestments": "None",
        "otherCurrentAssets": "9478000",
        "otherNonCurrentAssets": "None",
        "totalLiabilities": "44093999",
        "totalCurrentLiabilities": "14632000",
        "currentAccountsPayable": "3250000",
        "deferredRevenue": "None",
        "currentDebt": "None",
        "shortTermDebt": "1772000",
        "totalNonCurrentLiabilities": "29461999",
        "capitalLeaseObligations": "None",
        "longTermDebt": "403000",
        "currentLongTermDebt": "1772000",
        "longTermDebtNoncurrent": "None",
        "shortLongTermDebtTotal": "2175000",
        "otherCurrentLiabilities": "9610000",
        "otherNonCurrentLiabilities": "577000",
        "totalShareholderEquity": "-26814999",
        "treasuryStock": "None",
        "retainedEarnings": "-81568000",
        "commonStock": "2890000",
        "commonStockSharesOutstanding": "43649354"
      },
      {
        "fiscalDateEnding": "2024-03-31",
        "reportedCurrency": "USD",
        "totalAssets": "101399064",
        "totalCurrentAssets": "644832",
        "cashAndCashEquivalentsAtCarryingValue": "252489",
        "cashAndShortTermInvestments": "252489",
        "inventory": "None",
        "currentNetReceivables": "5163000",
        "totalNonCurrentAssets": "100754232",
        "propertyPlantEquipment": "None",
        "accumulatedDepreciationAmortizationPPE": "None",
        "intangibleAssets": "None",
        "intangibleAssetsExcludingGoodwill": "None",
        "goodwill": "None",
        "investments": "None",
        "longTermInvestments": "19689000",
        "shortTermInvestments": "None",
        "otherCurrentAssets": "392343",
        "otherNonCurrentAssets": "None",
        "totalLiabilities": "11976148",
        "totalCurrentLiabilities": "7993848",
        "currentAccountsPayable": "1303000",
        "deferredRevenue": "None",
        "currentDebt": "None",
        "shortTermDebt": "1947000",
        "totalNonCurrentLiabilities": "3982300",
        "capitalLeaseObligations": "None",
        "longTermDebt": "358000",
        "currentLongTermDebt": "1947000",
        "longTermDebtNoncurrent": "None",
        "shortLongTermDebtTotal": "3050000",
        "otherCurrentLiabilities": "7406930",
        "otherNonCurrentLiabilities": "626000",
        "totalShareholderEquity": "89422916",
        "treasuryStock": "None",
        "retainedEarnings": "-11082551",
        "commonStock": "100505467",
        "commonStockSharesOutstanding": "42696034"
      },
      {
        "fiscalDateEnding": "2023-12-31",
        "reportedCurrency": "USD",
        "totalAssets": "21564000",
        "totalCurrentAssets": "5664000",
        "cashAndCashEquivalentsAtCarryingValue": "2575000",
        "cashAndShortTermInvestments": "2575000",
        "inventory": "0",
        "currentNetReceivables": "2602000",
        "totalNonCurrentAssets": "15900000",
        "propertyPlantEquipment": "None",
        "accumulatedDepreciationAmortizationPPE": "None",
        "intangibleAssets": "None",
        "intangibleAssetsExcludingGoodwill": "None",
        "goodwill": "0",
        "investments": "None",
        "longTermInvestments": "14167000",
        "shortTermInvestments": "None",
        "otherCurrentAssets": "3089000",
        "otherNonCurrentAssets": "None",
        "totalLiabilities": "40050000",
        "totalCurrentLiabilities": "8167999",
        "currentAccountsPayable": "93000",
        "deferredRevenue": "None",
        "currentDebt": "None",
        "shortTermDebt": "1912000",
        "totalNonCurrentLiabilities": "31882001",
        "capitalLeaseObligations": "None",
        "longTermDebt": "5500000",
        "currentLongTermDebt": "1912000",
        "longTermDebtNoncurrent": "None",
        "shortLongTermDebtTotal": "7412000",
        "otherCurrentLiabilities": "6162999",
        "otherNonCurrentLiabilities": "683000",
        "totalShareholderEquity": "-20045000",
        "treasuryStock": "None",
        "retainedEarnings": "-64284000",
        "commonStock": "2794000",
        "commonStockSharesOutstanding": "42696034"
      },
      {
        "fiscalDateEnding": "2023-09-30",
        "reportedCurrency": "USD",
        "totalAssets": "245180339",
        "totalCurrentAssets": "103522",
        "cashAndCashEquivalentsAtCarryingValue": "31635",
        "cashAndShortTermInvestments": "31635",
        "inventory": "None",
        "currentNetReceivables": "28000",
        "totalNonCurrentAssets": "245076817",
        "propertyPlantEquipment": "None",
        "accumulatedDepreciationAmortizationPPE": "None",
        "intangibleAssets": "None",
        "intangibleAssetsExcludingGoodwill": "None",
        "goodwill": "None",
        "investments": "None",
        "longTermInvestments": "18238000",
        "shortTermInvestments": "None",
        "otherCurrentAssets": "71886",
        "otherNonCurrentAssets": "None",
        "totalLiabilities": "4760475",
        "totalCurrentLiabilities": "2923095",
        "currentAccountsPayable": "52000",
        "deferredRevenue": "None",
        "currentDebt": "None",
        "shortTermDebt": "1186000",
        "totalNonCurrentLiabilities": "1837379",
        "capitalLeaseObligations": "None",
        "longTermDebt": "6152000",
        "currentLongTermDebt": "1186000",
        "longTermDebtNoncurrent": "None",
        "shortLongTermDebtTotal": "1278000",
        "otherCurrentLiabilities": "2923095",
        "otherNonCurrentLiabilities": "758000",
        "totalShareholderEquity": "240419864",
        "treasuryStock": "None",
        "retainedEarnings": "-4657528",
        "commonStock": "245077392",
        "commonStockSharesOutstanding": "42696034"
      },
      {
        "fiscalDateEnding": "2023-03-31",
        "reportedCurrency": "None",
        "totalAssets": "None",
        "totalCurrentAssets": "None",
        "cashAndCashEquivalentsAtCarryingValue": "None",
        "cashAndShortTermInvestments": "None",
        "inventory": "None",
        "currentNetReceivables": "None",
        "totalNonCurrentAssets": "None",
        "propertyPlantEquipment": "None",
        "accumulatedDepreciationAmortizationPPE": "None",
        "intangibleAssets": "None",
        "intangibleAssetsExcludingGoodwill": "None",
        "goodwill": "None",
        "investments": "None",
        "longTermInvestments": "None",
        "shortTermInvestments": "None",
        "otherCurrentAssets": "None",
        "otherNonCurrentAssets": "None",
        "totalLiabilities": "None",
        "totalCurrentLiabilities": "None",
        "currentAccountsPayable": "None",
        "deferredRevenue": "None",
        "currentDebt": "None",
        "shortTermDebt": "None",
        "totalNonCurrentLiabilities": "None",
        "capitalLeaseObligations": "None",
        "longTermDebt": "None",
        "currentLongTermDebt": "None",
        "longTermDebtNoncurrent": "None",
        "shortLongTermDebtTotal": "None",
        "otherCurrentLiabilities": "None",
        "otherNonCurrentLiabilities": "None",
        "totalShareholderEquity": "None",
        "treasuryStock": "None",
        "retainedEarnings": "None",
        "commonStock": "None",
        "commonStockSharesOutstanding": "42696034"
      },
      {
        "fiscalDateEnding": "2022-12-31",
        "reportedCurrency": "None",
        "totalAssets": "27979000",
        "totalCurrentAssets": "7815000",
        "cashAndCashEquivalentsAtCarryingValue": "7544000",
        "cashAndShortTermInvestments": "7544000",
        "inventory": "None",
        "currentNetReceivables": "14000",
        "totalNonCurrentAssets": "20164000",
        "propertyPlantEquipment": "None",
        "accumulatedDepreciationAmortizationPPE": "None",
        "intangibleAssets": "None",
        "intangibleAssetsExcludingGoodwill": "None",
        "goodwill": "None",
        "investments": "None",
        "longTermInvestments": "None",
        "shortTermInvestments": "None",
        "otherCurrentAssets": "257000",
        "otherNonCurrentAssets": "None",
        "totalLiabilities": "39172000",
        "totalCurrentLiabilities": "4322000",
        "currentAccountsPayable": "84000",
        "deferredRevenue": "None",
        "currentDebt": "None",
        "shortTermDebt": "2450000",
        "totalNonCurrentLiabilities": "34850000",
        "capitalLeaseObligations": "None",
        "longTermDebt": "None",
        "currentLongTermDebt": "None",
        "longTermDebtNoncurrent": "None",
        "shortLongTermDebtTotal": "5898000",
        "otherCurrentLiabilities": "1788000",
        "otherNonCurrentLiabilities": "None",
        "totalShareholderEquity": "None",
        "treasuryStock": "None",
        "retainedEarnings": "-38564000",
        "commonStock": "None",
        "commonStockSharesOutstanding": "66854900"
      }
    ]
  },
  "cashFlow": {
    "symbol": "INV",
    "annualReports": [
      {
        "fiscalDateEnding": "2024-12-31",
        "reportedCurrency": "USD",
        "operatingCashflow": "-48062000",
        "paymentsForOperatingActivities": "None",
        "proceedsFromOperatingActivities": "None",
        "changeInOperatingLiabilities": "None",
        "changeInOperatingAssets": "None",
        "depreciationDepletionAndAmortization": "5601000",
        "capitalExpenditures": "1002000",
        "changeInReceivables": "None",
        "changeInInventory": "-5178000",
        "profitLoss": "None",
        "cashflowFromInvestment": "865000",
        "cashflowFromFinancing": "71907000",
        "proceedsFromRepaymentsOfShortTermDebt": "None",
        "paymentsForRepurchaseOfCommonStock": "None",
        "paymentsForRepurchaseOfEquity": "None",
        "paymentsForRepurchaseOfPreferredStock": "None",
        "dividendPayout": "663000",
        "dividendPayoutCommonStock": "663000",
        "dividendPayoutPreferredStock": "None",
        "proceedsFromIssuanceOfCommonStock": "None",
        "proceedsFromIssuanceOfLongTermDebtAndCapitalSecuritiesNet": "None",
        "proceedsFromIssuanceOfPreferredStock": "None",
        "proceedsFromRepurchaseOfEquity": "None",
        "proceedsFromSaleOfTreasuryStock": "None",
        "changeInCashAndCashEquivalents": "None",
        "changeInExchangeRate": "None",
        "netIncome": "-78190000"
      },
      {
        "fiscalDateEnding": "2023-12-31",
        "reportedCurrency": "USD",
        "operatingCashflow": "-19476000",
        "paymentsForOperatingActivities": "None",
        "proceedsFromOperatingActivities": "None",
        "changeInOperatingLiabilities": "None",
        "changeInOperatingAssets": "None",
        "depreciationDepletionAndAmortization": "8000",
        "capitalExpenditures": "645000",
        "changeInReceivables": "None",
        "changeInInventory": "0",
        "profitLoss": "None",
        "cashflowFromInvestment": "-4667000",
        "cashflowFromFinancing": "19174000",
        "proceedsFromRepaymentsOfShortTermDebt": "None",
        "paymentsForRepurchaseOfCommonStock": "None",
        "paymentsForRepurchaseOfEquity": "None",
        "paymentsForRepurchaseOfPreferredStock": "None",
        "dividendPayout": "241000",
        "dividendPayoutCommonStock": "241000",
        "dividendPayoutPreferredStock": "None",
        "proceedsFromIssuanceOfCommonStock": "None",
        "proceedsFromIssuanceOfLongTermDebtAndCapitalSecuritiesNet": "None",
        "proceedsFromIssuanceOfPreferredStock": "None",
        "proceedsFromRepurchaseOfEquity": "None",
        "proceedsFromSaleOfTreasuryStock": "None",
        "changeInCashAndCashEquivalents": "None",
        "changeInExchangeRate": "None",
        "netIncome": "-30984000"
      },
      {
        "fiscalDateEnding": "2022-12-31",
        "reportedCurrency": "USD",
        "operatingCashflow": "-9950000",
        "paymentsForOperatingActivities": "None",
        "proceedsFromOperatingActivities": "None",
        "changeInOperatingLiabilities": "None",
        "changeInOperatingAssets": "None",
        "depreciationDepletionAndAmortization": "None",
        "capitalExpenditures": "0",
        "changeInReceivables": "None",
        "changeInInventory": "None",
        "profitLoss": "None",
        "cashflowFromInvestment": "1483000",
        "cashflowFromFinancing": "11672000",
        "proceedsFromRepaymentsOfShortTermDebt": "None",
        "paymentsForRepurchaseOfCommonStock": "None",
        "paymentsForRepurchaseOfEquity": "None",
        "paymentsForRepurchaseOfPreferredStock": "None",
        "dividendPayout": "1688000",
        "dividendPayoutCommonStock": "1688000",
        "dividendPayoutPreferredStock": "None",
        "proceedsFromIssuanceOfCommonStock": "None",
        "proceedsFromIssuanceOfLongTermDebtAndCapitalSecuritiesNet": "None",
        "proceedsFromIssuanceOfPreferredStock": "None",
        "proceedsFromRepurchaseOfEquity": "None",
        "proceedsFromSaleOfTreasuryStock": "None",
        "changeInCashAndCashEquivalents": "None",
        "changeInExchangeRate": "None",
        "netIncome": "-32785000"
      },
      {
        "fiscalDateEnding": "2021-12-31",
        "reportedCurrency": "USD",
        "operatingCashflow": "-3903000",
        "paymentsForOperatingActivities": "None",
        "proceedsFromOperatingActivities": "None",
        "changeInOperatingLiabilities": "None",
        "changeInOperatingAssets": "None",
        "depreciationDepletionAndAmortization": "None",
        "capitalExpenditures": "0",
        "changeInReceivables": "None",
        "changeInInventory": "None",
        "profitLoss": "None",
        "cashflowFromInvestment": "564000",
        "cashflowFromFinancing": "6076000",
        "proceedsFromRepaymentsOfShortTermDebt": "None",
        "paymentsForRepurchaseOfCommonStock": "None",
        "paymentsForRepurchaseOfEquity": "None",
        "paymentsForRepurchaseOfPreferredStock": "None",
        "dividendPayout": "1203000",
        "dividendPayoutCommonStock": "1203000",
        "dividendPayoutPreferredStock": "None",
        "proceedsFromIssuanceOfCommonStock": "None",
        "proceedsFromIssuanceOfLongTermDebtAndCapitalSecuritiesNet": "None",
        "proceedsFromIssuanceOfPreferredStock": "None",
        "proceedsFromRepurchaseOfEquity": "None",
        "proceedsFromSaleOfTreasuryStock": "None",
        "changeInCashAndCashEquivalents": "None",
        "changeInExchangeRate": "None",
        "netIncome": "6659000"
      }
    ],
    "quarterlyReports": [
      {
        "fiscalDateEnding": "2025-09-30",
        "reportedCurrency": "USD",
        "operatingCashflow": "-19574000",
        "paymentsForOperatingActivities": "None",
        "proceedsFromOperatingActivities": "None",
        "changeInOperatingLiabilities": "None",
        "changeInOperatingAssets": "None",
        "depreciationDepletionAndAmortization": "5638000",
        "capitalExpenditures": "439000",
        "changeInReceivables": "None",
        "changeInInventory": "216000",
        "profitLoss": "None",
        "cashflowFromInvestment": "-439000",
        "cashflowFromFinancing": "22109000",
        "proceedsFromRepaymentsOfShortTermDebt": "None",
        "paymentsForRepurchaseOfCommonStock": "None",
        "paymentsForRepurchaseOfEquity": "None",
        "paymentsForRepurchaseOfPreferredStock": "None",
        "dividendPayout": "76000",
        "dividendPayoutCommonStock": "76000",
        "dividendPayoutPreferredStock": "None",
        "proceedsFromIssuanceOfCommonStock": "None",
        "proceedsFromIssuanceOfLongTermDebtAndCapitalSecuritiesNet": "None",
        "proceedsFromIssuanceOfPreferredStock": "None",
        "proceedsFromRepurchaseOfEquity": "None",
        "proceedsFromSaleOfTreasuryStock": "None",
        "changeInCashAndCashEquivalents": "None",
        "changeInExchangeRate": "None",
        "netIncome": "-28332000"
      },
      {
        "fiscalDateEnding": "2025-06-30",
        "reportedCurrency": "USD",
        "operatingCashflow": "-22058000",
        "paymentsForOperatingActivities": "None",
        "proceedsFromOperatingActivities": "None",
        "changeInOperatingLiabilities": "None",
        "changeInOperatingAssets": "None",
        "depreciationDepletionAndAmortization": "5634000",
        "capitalExpenditures": "15000",
        "changeInReceivables": "None",
        "changeInInventory": "-1400000",
        "profitLoss": "None",
        "cashflowFromInvestment": "-386000",
        "cashflowFromFinancing": "33034000",
        "proceedsFromRepaymentsOfShortTermDebt": "None",
        "paymentsForRepurchaseOfCommonStock": "None",
        "paymentsForRepurchaseOfEquity": "None",
        "paymentsForRepurchaseOfPreferredStock": "None",
        "dividendPayout": "50000",
        "dividendPayoutCommonStock": "50000",
        "dividendPayoutPreferredStock": "None",
        "proceedsFromIssuanceOfCommonStock": "None",
        "proceedsFromIssuanceOfLongTermDebtAndCapitalSecuritiesNet": "None",
        "proceedsFromIssuanceOfPreferredStock": "None",
        "proceedsFromRepurchaseOfEquity": "50000",
        "proceedsFromSaleOfTreasuryStock": "None",
        "changeInCashAndCashEquivalents": "None",
        "changeInExchangeRate": "None",
        "netIncome": "-84227000"
      },
      {
        "fiscalDateEnding": "2025-03-31",
        "reportedCurrency": "USD",
        "operatingCashflow": "-14696000",
        "paymentsForOperatingActivities": "None",
        "proceedsFromOperatingActivities": "None",
        "changeInOperatingLiabilities": "None",
        "changeInOperatingAssets": "None",
        "depreciationDepletionAndAmortization": "5548000",
        "capitalExpenditures": "917000",
        "changeInReceivables": "None",
        "changeInInventory": "-42000",
        "profitLoss": "None",
        "cashflowFromInvestment": "-3254000",
        "cashflowFromFinancing": "8206000",
        "proceedsFromRepaymentsOfShortTermDebt": "None",
        "paymentsForRepurchaseOfCommonStock": "None",
        "paymentsForRepurchaseOfEquity": "None",
        "paymentsForRepurchaseOfPreferredStock": "None",
        "dividendPayout": "26000",
        "dividendPayoutCommonStock": "26000",
        "dividendPayoutPreferredStock": "None",
        "proceedsFromIssuanceOfCommonStock": "None",
        "proceedsFromIssuanceOfLongTermDebtAndCapitalSecuritiesNet": "None",
        "proceedsFromIssuanceOfPreferredStock": "None",
        "proceedsFromRepurchaseOfEquity": "-50000",
        "proceedsFromSaleOfTreasuryStock": "None",
        "changeInCashAndCashEquivalents": "None",
        "changeInExchangeRate": "None",
        "netIncome": "-253674000"
      },
      {
        "fiscalDateEnding": "2024-12-31",
        "reportedCurrency": "USD",
        "operatingCashflow": "-29214000",
        "paymentsForOperatingActivities": "None",
        "proceedsFromOperatingActivities": "None",
        "changeInOperatingLiabilities": "None",
        "changeInOperatingAssets": "None",
        "depreciationDepletionAndAmortization": "5455000",
        "capitalExpenditures": "296000",
        "changeInReceivables": "None",
        "changeInInventory": "-2354000",
        "profitLoss": "None",
        "cashflowFromInvestment": "None",
        "cashflowFromFinancing": "33466000",
        "proceedsFromRepaymentsOfShortTermDebt": "None",
        "paymentsForRepurchaseOfCommonStock": "None",
        "paymentsForRepurchaseOfEquity": "None",
        "paymentsForRepurchaseOfPreferredStock": "None",
        "dividendPayout": "663000",
        "dividendPayoutCommonStock": "663000",
        "dividendPayoutPreferredStock": "None",
        "proceedsFromIssuanceOfCommonStock": "None",
        "proceedsFromIssuanceOfLongTermDebtAndCapitalSecuritiesNet": "None",
        "proceedsFromIssuanceOfPreferredStock": "None",
        "proceedsFromRepurchaseOfEquity": "None",
        "proceedsFromSaleOfTreasuryStock": "None",
        "changeInCashAndCashEquivalents": "None",
        "changeInExchangeRate": "None",
        "netIncome": "-62294000"
      },
      {
        "fiscalDateEnding": "2024-09-30",
        "reportedCurrency": "USD",
        "operatingCashflow": "-2457000",
        "paymentsForOperatingActivities": "None",
        "proceedsFromOperatingActivities": "None",
        "changeInOperatingLiabilities": "None",
        "changeInOperatingAssets": "None",
        "depreciationDepletionAndAmortization": "77000",
        "capitalExpenditures": "30000",
        "changeInReceivables": "None",
        "changeInInventory": "-2162000",
        "profitLoss": "None",
        "cashflowFromInvestment": "-1580000",
        "cashflowFromFinancing": "18167000",
        "proceedsFromRepaymentsOfShortTermDebt": "None",
        "paymentsForRepurchaseOfCommonStock": "None",
        "paymentsForRepurchaseOfEquity": "None",
        "paymentsForRepurchaseOfPreferredStock": "None",
        "dividendPayout": "0",
        "dividendPayoutCommonStock": "0",
        "dividendPayoutPreferredStock": "None",
        "proceedsFromIssuanceOfCommonStock": "None",
        "proceedsFromIssuanceOfLongTermDebtAndCapitalSecuritiesNet": "None",
        "proceedsFromIssuanceOfPreferredStock": "None",
        "proceedsFromRepurchaseOfEquity": "None",
        "proceedsFromSaleOfTreasuryStock": "None",
        "changeInCashAndCashEquivalents": "None",
        "changeInExchangeRate": "None",
        "netIncome": "-9358000"
      },
      {
        "fiscalDateEnding": "2024-06-30",
        "reportedCurrency": "USD",
        "operatingCashflow": "-8994000",
        "paymentsForOperatingActivities": "None",
        "proceedsFromOperatingActivities": "None",
        "changeInOperatingLiabilities": "None",
        "changeInOperatingAssets": "None",
        "depreciationDepletionAndAmortization": "69000",
        "capitalExpenditures": "66000",
        "changeInReceivables": "None",
        "changeInInventory": "-662000",
        "profitLoss": "None",
        "cashflowFromInvestment": "-1197000",
        "cashflowFromFinancing": "10115000",
        "proceedsFromRepaymentsOfShortTermDebt": "None",
        "paymentsForRepurchaseOfCommonStock": "None",
        "paymentsForRepurchaseOfEquity": "None",
        "paymentsForRepurchaseOfPreferredStock": "None",
        "dividendPayout": "0",
        "dividendPayoutCommonStock": "0",
        "dividendPayoutPreferredStock": "None",
        "proceedsFromIssuanceOfCommonStock": "None",
        "proceedsFromIssuanceOfLongTermDebtAndCapitalSecuritiesNet": "None",
        "proceedsFromIssuanceOfPreferredStock": "None",
        "proceedsFromRepurchaseOfEquity": "None",
        "proceedsFromSaleOfTreasuryStock": "None",
        "changeInCashAndCashEquivalents": "None",
        "changeInExchangeRate": "None",
        "netIncome": "-11314000"
      },
      {
        "fiscalDateEnding": "2024-03-31",
        "reportedCurrency": "USD",
        "operatingCashflow": "-7397000",
        "paymentsForOperatingActivities": "None",
        "proceedsFromOperatingActivities": "None",
        "changeInOperatingLiabilities": "None",
        "changeInOperatingAssets": "None",
        "depreciationDepletionAndAmortization": "0",
        "capitalExpenditures": "640000",
        "changeInReceivables": "None",
        "changeInInventory": "0",
        "profitLoss": "None",
        "cashflowFromInvestment": "-3180000",
        "cashflowFromFinancing": "10159000",
        "proceedsFromRepaymentsOfShortTermDebt": "None",
        "paymentsForRepurchaseOfCommonStock": "None",
        "paymentsForRepurchaseOfEquity": "None",
        "paymentsForRepurchaseOfPreferredStock": "None",
        "dividendPayout": "0",
        "dividendPayoutCommonStock": "0",
        "dividendPayoutPreferredStock": "None",
        "proceedsFromIssuanceOfCommonStock": "None",
        "proceedsFromIssuanceOfLongTermDebtAndCapitalSecuritiesNet": "None",
        "proceedsFromIssuanceOfPreferredStock": "None",
        "proceedsFromRepurchaseOfEquity": "0",
        "proceedsFromSaleOfTreasuryStock": "None",
        "changeInCashAndCashEquivalents": "None",
        "changeInExchangeRate": "None",
        "netIncome": "-7526000"
      },
      {
        "fiscalDateEnding": "2023-12-31",
        "reportedCurrency": "USD",
        "operatingCashflow": "-7340000",
        "paymentsForOperatingActivities": "None",
        "proceedsFromOperatingActivities": "None",
        "changeInOperatingLiabilities": "None",
        "changeInOperatingAssets": "None",
        "depreciationDepletionAndAmortization": "None",
        "capitalExpenditures": "472000",
        "changeInReceivables": "None",
        "changeInInventory": "None",
        "profitLoss": "None",
        "cashflowFromInvestment": "-3072000",
        "cashflowFromFinancing": "8849000",
        "proceedsFromRepaymentsOfShortTermDebt": "None",
        "paymentsForRepurchaseOfCommonStock": "None",
        "paymentsForRepurchaseOfEquity": "None",
        "paymentsForRepurchaseOfPreferredStock": "None",
        "dividendPayout": "241000",
        "dividendPayoutCommonStock": "241000",
        "dividendPayoutPreferredStock": "None",
        "proceedsFromIssuanceOfCommonStock": "None",
        "proceedsFromIssuanceOfLongTermDebtAndCapitalSecuritiesNet": "None",
        "proceedsFromIssuanceOfPreferredStock": "None",
        "proceedsFromRepurchaseOfEquity": "None",
        "proceedsFromSaleOfTreasuryStock": "None",
        "changeInCashAndCashEquivalents": "None",
        "changeInExchangeRate": "None",
        "netIncome": "-13033000"
      },
      {
        "fiscalDateEnding": "2023-09-30",
        "reportedCurrency": "USD",
        "operatingCashflow": "-4749000",
        "paymentsForOperatingActivities": "None",
        "proceedsFromOperatingActivities": "None",
        "changeInOperatingLiabilities": "None",
        "changeInOperatingAssets": "None",
        "depreciationDepletionAndAmortization": "0",
        "capitalExpenditures": "49000",
        "changeInReceivables": "None",
        "changeInInventory": "0",
        "profitLoss": "None",
        "cashflowFromInvestment": "-49000",
        "cashflowFromFinancing": "5706000",
        "proceedsFromRepaymentsOfShortTermDebt": "None",
        "paymentsForRepurchaseOfCommonStock": "None",
        "paymentsForRepurchaseOfEquity": "None",
        "paymentsForRepurchaseOfPreferredStock": "None",
        "dividendPayout": "None",
        "dividendPayoutCommonStock": "None",
        "dividendPayoutPreferredStock": "None",
        "proceedsFromIssuanceOfCommonStock": "None",
        "proceedsFromIssuanceOfLongTermDebtAndCapitalSecuritiesNet": "None",
        "proceedsFromIssuanceOfPreferredStock": "None",
        "proceedsFromRepurchaseOfEquity": "None",
        "proceedsFromSaleOfTreasuryStock": "None",
        "changeInCashAndCashEquivalents": "None",
        "changeInExchangeRate": "None",
        "netIncome": "-18871000"
      },
      {
        "fiscalDateEnding": "2023-06-30",
        "reportedCurrency": "USD",
        "operatingCashflow": "-3987000",
        "paymentsForOperatingActivities": "None",
        "proceedsFromOperatingActivities": "None",
        "changeInOperatingLiabilities": "None",
        "changeInOperatingAssets": "None",
        "depreciationDepletionAndAmortization": "None",
        "capitalExpenditures": "108000",
        "changeInReceivables": "None",
        "changeInInventory": "None",
        "profitLoss": "None",
        "cashflowFromInvestment": "None",
        "cashflowFromFinancing": "3810000",
        "proceedsFromRepaymentsOfShortTermDebt": "None",
        "paymentsForRepurchaseOfCommonStock": "None",
        "paymentsForRepurchaseOfEquity": "None",
        "paymentsForRepurchaseOfPreferredStock": "None",
        "dividendPayout": "None",
        "dividendPayoutCommonStock": "None",
        "dividendPayoutPreferredStock": "None",
        "proceedsFromIssuanceOfCommonStock": "None",
        "proceedsFromIssuanceOfLongTermDebtAndCapitalSecuritiesNet": "None",
        "proceedsFromIssuanceOfPreferredStock": "None",
        "proceedsFromRepurchaseOfEquity": "None",
        "proceedsFromSaleOfTreasuryStock": "None",
        "changeInCashAndCashEquivalents": "None",
        "changeInExchangeRate": "None",
        "netIncome": "4560000"
      },
      {
        "fiscalDateEnding": "2023-03-31",
        "reportedCurrency": "None",
        "operatingCashflow": "-3400000",
        "paymentsForOperatingActivities": "None",
        "proceedsFromOperatingActivities": "None",
        "changeInOperatingLiabilities": "None",
        "changeInOperatingAssets": "None",
        "depreciationDepletionAndAmortization": "None",
        "capitalExpenditures": "16000",
        "changeInReceivables": "None",
        "changeInInventory": "None",
        "profitLoss": "None",
        "cashflowFromInvestment": "None",
        "cashflowFromFinancing": "809000",
        "proceedsFromRepaymentsOfShortTermDebt": "None",
        "paymentsForRepurchaseOfCommonStock": "None",
        "paymentsForRepurchaseOfEquity": "None",
        "paymentsForRepurchaseOfPreferredStock": "None",
        "dividendPayout": "None",
        "dividendPayoutCommonStock": "None",
        "dividendPayoutPreferredStock": "None",
        "proceedsFromIssuanceOfCommonStock": "None",
        "proceedsFromIssuanceOfLongTermDebtAndCapitalSecuritiesNet": "None",
        "proceedsFromIssuanceOfPreferredStock": "None",
        "proceedsFromRepurchaseOfEquity": "None",
        "proceedsFromSaleOfTreasuryStock": "None",
        "changeInCashAndCashEquivalents": "None",
        "changeInExchangeRate": "None",
        "netIncome": "-3596000"
      },
      {
        "fiscalDateEnding": "2022-12-31",
        "reportedCurrency": "None",
        "operatingCashflow": "-3487000",
        "paymentsForOperatingActivities": "None",
        "proceedsFromOperatingActivities": "None",
        "changeInOperatingLiabilities": "None",
        "changeInOperatingAssets": "None",
        "depreciationDepletionAndAmortization": "None",
        "capitalExpenditures": "0",
        "changeInReceivables": "None",
        "changeInInventory": "None",
        "profitLoss": "None",
        "cashflowFromInvestment": "None",
        "cashflowFromFinancing": "935000",
        "proceedsFromRepaymentsOfShortTermDebt": "None",
        "paymentsForRepurchaseOfCommonStock": "None",
        "paymentsForRepurchaseOfEquity": "None",
        "paymentsForRepurchaseOfPreferredStock": "None",
        "dividendPayout": "None",
        "dividendPayoutCommonStock": "None",
        "dividendPayoutPreferredStock": "None",
        "proceedsFromIssuanceOfCommonStock": "None",
        "proceedsFromIssuanceOfLongTermDebtAndCapitalSecuritiesNet": "None",
        "proceedsFromIssuanceOfPreferredStock": "None",
        "proceedsFromRepurchaseOfEquity": "None",
        "proceedsFromSaleOfTreasuryStock": "None",
        "changeInCashAndCashEquivalents": "None",
        "changeInExchangeRate": "None",
        "netIncome": "-6058000"
      }
    ]
  },
  "incomeStatement": {
    "symbol": "INV",
    "annualReports": [
      {
        "fiscalDateEnding": "2024-12-31",
        "reportedCurrency": "USD",
        "grossProfit": "-3309000",
        "totalRevenue": "1220000",
        "costOfRevenue": "4529000",
        "costofGoodsAndServicesSold": "4529000",
        "operatingIncome": "-77074000",
        "sellingGeneralAndAdministrative": "56260000",
        "researchAndDevelopment": "11318000",
        "operatingExpenses": "73765000",
        "investmentIncomeNet": "None",
        "netInterestIncome": "-2432000",
        "interestIncome": "None",
        "interestExpense": "2432000",
        "nonInterestIncome": "None",
        "otherNonOperatingIncome": "None",
        "depreciation": "None",
        "depreciationAndAmortization": "5601000",
        "incomeBeforeTax": "-101141000",
        "incomeTaxExpense": "-2850000",
        "interestAndDebtExpense": "None",
        "netIncomeFromContinuingOperations": "-98291000",
        "comprehensiveIncomeNetOfTax": "None",
        "ebit": "-98709000",
        "ebitda": "-93108000",
        "netIncome": "-78190000"
      },
      {
        "fiscalDateEnding": "2023-12-31",
        "reportedCurrency": "USD",
        "grossProfit": "1117000",
        "totalRevenue": "1117000",
        "costOfRevenue": "0",
        "costofGoodsAndServicesSold": "0",
        "operatingIncome": "-23678000",
        "sellingGeneralAndAdministrative": "17589000",
        "researchAndDevelopment": "4001000",
        "operatingExpenses": "24795000",
        "investmentIncomeNet": "None",
        "netInterestIncome": "-1224000",
        "interestIncome": "None",
        "interestExpense": "1224000",
        "nonInterestIncome": "None",
        "otherNonOperatingIncome": "None",
        "depreciation": "None",
        "depreciationAndAmortization": "8000",
        "incomeBeforeTax": "-30984000",
        "incomeTaxExpense": "None",
        "interestAndDebtExpense": "None",
        "netIncomeFromContinuingOperations": "-30984000",
        "comprehensiveIncomeNetOfTax": "None",
        "ebit": "-29760000",
        "ebitda": "-29752000",
        "netIncome": "-30845000"
      },
      {
        "fiscalDateEnding": "2022-12-31",
        "reportedCurrency": "USD",
        "grossProfit": "942000",
        "totalRevenue": "942000",
        "costOfRevenue": "None",
        "costofGoodsAndServicesSold": "None",
        "operatingIncome": "-24669000",
        "sellingGeneralAndAdministrative": "9011000",
        "researchAndDevelopment": "15443000",
        "operatingExpenses": "25611000",
        "investmentIncomeNet": "None",
        "netInterestIncome": "-890000",
        "interestIncome": "None",
        "interestExpense": "890000",
        "nonInterestIncome": "None",
        "otherNonOperatingIncome": "None",
        "depreciation": "None",
        "depreciationAndAmortization": "None",
        "incomeBeforeTax": "-32785000",
        "incomeTaxExpense": "None",
        "interestAndDebtExpense": "None",
        "netIncomeFromContinuingOperations": "-32785000",
        "comprehensiveIncomeNetOfTax": "None",
        "ebit": "-24669000",
        "ebitda": "-31895000",
        "netIncome": "-32757000"
      },
      {
        "fiscalDateEnding": "2021-12-31",
        "reportedCurrency": "USD",
        "grossProfit": "1853000",
        "totalRevenue": "1853000",
        "costOfRevenue": "None",
        "costofGoodsAndServicesSold": "None",
        "operatingIncome": "-3153000",
        "sellingGeneralAndAdministrative": "4930000",
        "researchAndDevelopment": "0",
        "operatingExpenses": "5006000",
        "investmentIncomeNet": "None",
        "netInterestIncome": "-1366000",
        "interestIncome": "None",
        "interestExpense": "1366000",
        "nonInterestIncome": "None",
        "otherNonOperatingIncome": "None",
        "depreciation": "None",
        "depreciationAndAmortization": "None",
        "incomeBeforeTax": "6659000",
        "incomeTaxExpense": "None",
        "interestAndDebtExpense": "None",
        "netIncomeFromContinuingOperations": "6659000",
        "comprehensiveIncomeNetOfTax": "None",
        "ebit": "-3153000",
        "ebitda": "8025000",
        "netIncome": "6659000"
      }
    ],
    "quarterlyReports": [
      {
        "fiscalDateEnding": "2025-09-30",
        "reportedCurrency": "USD",
        "grossProfit": "-9251000",
        "totalRevenue": "534000",
        "costOfRevenue": "9785000",
        "costofGoodsAndServicesSold": "9785000",
        "operatingIncome": "-29205000",
        "sellingGeneralAndAdministrative": "16927000",
        "researchAndDevelopment": "6151000",
        "operatingExpenses": "19954000",
        "investmentIncomeNet": "None",
        "netInterestIncome": "-3401000",
        "interestIncome": "None",
        "interestExpense": "3401000",
        "nonInterestIncome": "None",
        "otherNonOperatingIncome": "None",
        "depreciation": "None",
        "depreciationAndAmortization": "5638000",
        "incomeBeforeTax": "-38338000",
        "incomeTaxExpense": "-3603000",
        "interestAndDebtExpense": "None",
        "netIncomeFromContinuingOperations": "-34735000",
        "comprehensiveIncomeNetOfTax": "None",
        "ebit": "-34937000",
        "ebitda": "-29299000",
        "netIncome": "-28332000"
      },
      {
        "fiscalDateEnding": "2025-06-30",
        "reportedCurrency": "USD",
        "grossProfit": "-2385000",
        "totalRevenue": "476000",
        "costOfRevenue": "2861000",
        "costofGoodsAndServicesSold": "2861000",
        "operatingIncome": "-142574000",
        "sellingGeneralAndAdministrative": "18569000",
        "researchAndDevelopment": "6068000",
        "operatingExpenses": "140189000",
        "investmentIncomeNet": "None",
        "netInterestIncome": "-2647000",
        "interestIncome": "None",
        "interestExpense": "2647000",
        "nonInterestIncome": "None",
        "otherNonOperatingIncome": "None",
        "depreciation": "None",
        "depreciationAndAmortization": "5634000",
        "incomeBeforeTax": "-143495000",
        "incomeTaxExpense": "-2220000",
        "interestAndDebtExpense": "None",
        "netIncomeFromContinuingOperations": "-141275000",
        "comprehensiveIncomeNetOfTax": "None",
        "ebit": "-140848000",
        "ebitda": "-135214000",
        "netIncome": "-84227000"
      },
      {
        "fiscalDateEnding": "2025-03-31",
        "reportedCurrency": "USD",
        "grossProfit": "40000",
        "totalRevenue": "224000",
        "costOfRevenue": "184000",
        "costofGoodsAndServicesSold": "184000",
        "operatingIncome": "-261198000",
        "sellingGeneralAndAdministrative": "19676000",
        "researchAndDevelopment": "6253000",
        "operatingExpenses": "261238000",
        "investmentIncomeNet": "None",
        "netInterestIncome": "-1538000",
        "interestIncome": "None",
        "interestExpense": "1538000",
        "nonInterestIncome": "None",
        "otherNonOperatingIncome": "None",
        "depreciation": "None",
        "depreciationAndAmortization": "5548000",
        "incomeBeforeTax": "-255073000",
        "incomeTaxExpense": "-1399000",
        "interestAndDebtExpense": "None",
        "netIncomeFromContinuingOperations": "-253674000",
        "comprehensiveIncomeNetOfTax": "None",
        "ebit": "-253535000",
        "ebitda": "-247987000",
        "netIncome": "-142997000"
      },
      {
        "fiscalDateEnding": "2024-12-31",
        "reportedCurrency": "USD",
        "grossProfit": "-3296000",
        "totalRevenue": "456000",
        "costOfRevenue": "3752000",
        "costofGoodsAndServicesSold": "3752000",
        "operatingIncome": "-40297000",
        "sellingGeneralAndAdministrative": "31661000",
        "researchAndDevelopment": "5340000",
        "operatingExpenses": "40753000",
        "investmentIncomeNet": "None",
        "netInterestIncome": "-1132000",
        "interestIncome": "None",
        "interestExpense": "1132000",
        "nonInterestIncome": "None",
        "otherNonOperatingIncome": "None",
        "depreciation": "None",
        "depreciationAndAmortization": "None",
        "incomeBeforeTax": "-73375000",
        "incomeTaxExpense": "None",
        "interestAndDebtExpense": "None",
        "netIncomeFromContinuingOperations": "-70093000",
        "comprehensiveIncomeNetOfTax": "None",
        "ebit": "-40297000",
        "ebitda": "None",
        "netIncome": "-61754000"
      },
      {
        "fiscalDateEnding": "2024-09-30",
        "reportedCurrency": "USD",
        "grossProfit": "-460000",
        "totalRevenue": "317000",
        "costOfRevenue": "777000",
        "costofGoodsAndServicesSold": "777000",
        "operatingIncome": "-13674000",
        "sellingGeneralAndAdministrative": "9052000",
        "researchAndDevelopment": "2533000",
        "operatingExpenses": "13214000",
        "investmentIncomeNet": "None",
        "netInterestIncome": "-852000",
        "interestIncome": "None",
        "interestExpense": "852000",
        "nonInterestIncome": "None",
        "otherNonOperatingIncome": "None",
        "depreciation": "None",
        "depreciationAndAmortization": "77000",
        "incomeBeforeTax": "-7641000",
        "incomeTaxExpense": "None",
        "interestAndDebtExpense": "None",
        "netIncomeFromContinuingOperations": "-7641000",
        "comprehensiveIncomeNetOfTax": "None",
        "ebit": "-6789000",
        "ebitda": "-6712000",
        "netIncome": "-2211000"
      },
      {
        "fiscalDateEnding": "2024-06-30",
        "reportedCurrency": "USD",
        "grossProfit": "223000",
        "totalRevenue": "223000",
        "costOfRevenue": "0",
        "costofGoodsAndServicesSold": "0",
        "operatingIncome": "-11286000",
        "sellingGeneralAndAdministrative": "8379000",
        "researchAndDevelopment": "1764000",
        "operatingExpenses": "11509000",
        "investmentIncomeNet": "None",
        "netInterestIncome": "-43000",
        "interestIncome": "None",
        "interestExpense": "43000",
        "nonInterestIncome": "None",
        "otherNonOperatingIncome": "None",
        "depreciation": "None",
        "depreciationAndAmortization": "None",
        "incomeBeforeTax": "-11314000",
        "incomeTaxExpense": "None",
        "interestAndDebtExpense": "None",
        "netIncomeFromContinuingOperations": "-11314000",
        "comprehensiveIncomeNetOfTax": "None",
        "ebit": "-11286000",
        "ebitda": "-11271000",
        "netIncome": "-7288000"
      },
      {
        "fiscalDateEnding": "2024-03-31",
        "reportedCurrency": "USD",
        "grossProfit": "224000",
        "totalRevenue": "224000",
        "costOfRevenue": "0",
        "costofGoodsAndServicesSold": "0",
        "operatingIncome": "-10532000",
        "sellingGeneralAndAdministrative": "7904000",
        "researchAndDevelopment": "1669000",
        "operatingExpenses": "10756000",
        "investmentIncomeNet": "None",
        "netInterestIncome": "-405000",
        "interestIncome": "None",
        "interestExpense": "405000",
        "nonInterestIncome": "None",
        "otherNonOperatingIncome": "None",
        "depreciation": "None",
        "depreciationAndAmortization": "None",
        "incomeBeforeTax": "-7526000",
        "incomeTaxExpense": "None",
        "interestAndDebtExpense": "None",
        "netIncomeFromContinuingOperations": "-7526000",
        "comprehensiveIncomeNetOfTax": "None",
        "ebit": "-10532000",
        "ebitda": "-7121000",
        "netIncome": "-5219000"
      },
      {
        "fiscalDateEnding": "2023-12-31",
        "reportedCurrency": "USD",
        "grossProfit": "224000",
        "totalRevenue": "224000",
        "costOfRevenue": "None",
        "costofGoodsAndServicesSold": "None",
        "operatingIncome": "-9970000",
        "sellingGeneralAndAdministrative": "7711000",
        "researchAndDevelopment": "1179000",
        "operatingExpenses": "10194000",
        "investmentIncomeNet": "None",
        "netInterestIncome": "-383000",
        "interestIncome": "None",
        "interestExpense": "383000",
        "nonInterestIncome": "None",
        "otherNonOperatingIncome": "None",
        "depreciation": "None",
        "depreciationAndAmortization": "None",
        "incomeBeforeTax": "-13033000",
        "incomeTaxExpense": "None",
        "interestAndDebtExpense": "None",
        "netIncomeFromContinuingOperations": "-13033000",
        "comprehensiveIncomeNetOfTax": "None",
        "ebit": "-9970000",
        "ebitda": "-12650000",
        "netIncome": "-12995000"
      },
      {
        "fiscalDateEnding": "2023-09-30",
        "reportedCurrency": "USD",
        "grossProfit": "274000",
        "totalRevenue": "274000",
        "costOfRevenue": "0",
        "costofGoodsAndServicesSold": "0",
        "operatingIncome": "-5716000",
        "sellingGeneralAndAdministrative": "4054000",
        "researchAndDevelopment": "1240000",
        "operatingExpenses": "5990000",
        "investmentIncomeNet": "None",
        "netInterestIncome": "-364000",
        "interestIncome": "None",
        "interestExpense": "364000",
        "nonInterestIncome": "None",
        "otherNonOperatingIncome": "None",
        "depreciation": "None",
        "depreciationAndAmortization": "5716000",
        "incomeBeforeTax": "-18916000",
        "incomeTaxExpense": "None",
        "interestAndDebtExpense": "None",
        "netIncomeFromContinuingOperations": "-18916000",
        "comprehensiveIncomeNetOfTax": "None",
        "ebit": "-5716000",
        "ebitda": "-18552000",
        "netIncome": "-18871000"
      },
      {
        "fiscalDateEnding": "2023-06-30",
        "reportedCurrency": "USD",
        "grossProfit": "399000",
        "totalRevenue": "399000",
        "costOfRevenue": "None",
        "costofGoodsAndServicesSold": "None",
        "operatingIncome": "-3948000",
        "sellingGeneralAndAdministrative": "2885000",
        "researchAndDevelopment": "810000",
        "operatingExpenses": "4347000",
        "investmentIncomeNet": "None",
        "netInterestIncome": "-265000",
        "interestIncome": "None",
        "interestExpense": "265000",
        "nonInterestIncome": "None",
        "otherNonOperatingIncome": "None",
        "depreciation": "None",
        "depreciationAndAmortization": "None",
        "incomeBeforeTax": "4560000",
        "incomeTaxExpense": "None",
        "interestAndDebtExpense": "None",
        "netIncomeFromContinuingOperations": "4560000",
        "comprehensiveIncomeNetOfTax": "None",
        "ebit": "-3948000",
        "ebitda": "4825000",
        "netIncome": "4593000"
      },
      {
        "fiscalDateEnding": "2023-03-31",
        "reportedCurrency": "None",
        "grossProfit": "220000",
        "totalRevenue": "220000",
        "costOfRevenue": "None",
        "costofGoodsAndServicesSold": "None",
        "operatingIncome": "-4045000",
        "sellingGeneralAndAdministrative": "2939000",
        "researchAndDevelopment": "772000",
        "operatingExpenses": "4265000",
        "investmentIncomeNet": "None",
        "netInterestIncome": "None",
        "interestIncome": "None",
        "interestExpense": "211000",
        "nonInterestIncome": "None",
        "otherNonOperatingIncome": "None",
        "depreciation": "None",
        "depreciationAndAmortization": "None",
        "incomeBeforeTax": "-3596000",
        "incomeTaxExpense": "None",
        "interestAndDebtExpense": "None",
        "netIncomeFromContinuingOperations": "None",
        "comprehensiveIncomeNetOfTax": "None",
        "ebit": "-4045000",
        "ebitda": "-3385000",
        "netIncome": "-3573000"
      },
      {
        "fiscalDateEnding": "2022-12-31",
        "reportedCurrency": "None",
        "grossProfit": "350000",
        "totalRevenue": "350000",
        "costOfRevenue": "None",
        "costofGoodsAndServicesSold": "None",
        "operatingIncome": "-2804000",
        "sellingGeneralAndAdministrative": "1767000",
        "researchAndDevelopment": "833000",
        "operatingExpenses": "3154000",
        "investmentIncomeNet": "None",
        "netInterestIncome": "None",
        "interestIncome": "None",
        "interestExpense": "217000",
        "nonInterestIncome": "None",
        "otherNonOperatingIncome": "None",
        "depreciation": "None",
        "depreciationAndAmortization": "None",
        "incomeBeforeTax": "-6058000",
        "incomeTaxExpense": "None",
        "interestAndDebtExpense": "None",
        "netIncomeFromContinuingOperations": "None",
        "comprehensiveIncomeNetOfTax": "None",
        "ebit": "-2804000",
        "ebitda": "-5841000",
        "netIncome": "-6037000"
      }
    ]
  }
}