{
  "ticker": "NAMM",
  "balanceSheet": {
    "symbol": "NAMM",
    "annualReports": [
      {
        "fiscalDateEnding": "2024-12-31",
        "reportedCurrency": "USD",
        "totalAssets": "51039000",
        "totalCurrentAssets": "8951000",
        "cashAndCashEquivalentsAtCarryingValue": "698000",
        "cashAndShortTermInvestments": "698000",
        "inventory": "3188000",
        "currentNetReceivables": "4517000",
        "totalNonCurrentAssets": "42088000",
        "propertyPlantEquipment": "None",
        "accumulatedDepreciationAmortizationPPE": "None",
        "intangibleAssets": "None",
        "intangibleAssetsExcludingGoodwill": "None",
        "goodwill": "None",
        "investments": "None",
        "longTermInvestments": "None",
        "shortTermInvestments": "None",
        "otherCurrentAssets": "548000",
        "otherNonCurrentAssets": "None",
        "totalLiabilities": "81965000",
        "totalCurrentLiabilities": "45985000",
        "currentAccountsPayable": "8371000",
        "deferredRevenue": "None",
        "currentDebt": "None",
        "shortTermDebt": "1528000",
        "totalNonCurrentLiabilities": "35980000",
        "capitalLeaseObligations": "None",
        "longTermDebt": "1374000",
        "currentLongTermDebt": "1528000",
        "longTermDebtNoncurrent": "None",
        "shortLongTermDebtTotal": "2902000",
        "otherCurrentLiabilities": "16295000",
        "otherNonCurrentLiabilities": "None",
        "totalShareholderEquity": "-30926000",
        "treasuryStock": "None",
        "retainedEarnings": "-30927000",
        "commonStock": "1000",
        "commonStockSharesOutstanding": "54416900"
      },
      {
        "fiscalDateEnding": "2023-12-31",
        "reportedCurrency": "USD",
        "totalAssets": "40978000",
        "totalCurrentAssets": "4336000",
        "cashAndCashEquivalentsAtCarryingValue": "278000",
        "cashAndShortTermInvestments": "278000",
        "inventory": "2300000",
        "currentNetReceivables": "1025000",
        "totalNonCurrentAssets": "36642000",
        "propertyPlantEquipment": "None",
        "accumulatedDepreciationAmortizationPPE": "None",
        "intangibleAssets": "None",
        "intangibleAssetsExcludingGoodwill": "None",
        "goodwill": "None",
        "investments": "None",
        "longTermInvestments": "None",
        "shortTermInvestments": "None",
        "otherCurrentAssets": "733000",
        "otherNonCurrentAssets": "None",
        "totalLiabilities": "69326000",
        "totalCurrentLiabilities": "41284000",
        "currentAccountsPayable": "9932000",
        "deferredRevenue": "None",
        "currentDebt": "None",
        "shortTermDebt": "813000",
        "totalNonCurrentLiabilities": "28042000",
        "capitalLeaseObligations": "None",
        "longTermDebt": "None",
        "currentLongTermDebt": "813000",
        "longTermDebtNoncurrent": "None",
        "shortLongTermDebtTotal": "813000",
        "otherCurrentLiabilities": "18104000",
        "otherNonCurrentLiabilities": "None",
        "totalShareholderEquity": "-28348000",
        "treasuryStock": "None",
        "retainedEarnings": "-28349000",
        "commonStock": "1000",
        "commonStockSharesOutstanding": "54416900"
      },
      {
        "fiscalDateEnding": "2022-12-31",
        "reportedCurrency": "USD",
        "totalAssets": "41350000",
        "totalCurrentAssets": "9243000",
        "cashAndCashEquivalentsAtCarryingValue": "59000",
        "cashAndShortTermInvestments": "59000",
        "inventory": "1541000",
        "currentNetReceivables": "7131000",
        "totalNonCurrentAssets": "32107000",
        "propertyPlantEquipment": "None",
        "accumulatedDepreciationAmortizationPPE": "None",
        "intangibleAssets": "None",
        "intangibleAssetsExcludingGoodwill": "None",
        "goodwill": "None",
        "investments": "None",
        "longTermInvestments": "None",
        "shortTermInvestments": "None",
        "otherCurrentAssets": "512000",
        "otherNonCurrentAssets": "None",
        "totalLiabilities": "60094000",
        "totalCurrentLiabilities": "33226000",
        "currentAccountsPayable": "10902000",
        "deferredRevenue": "None",
        "currentDebt": "None",
        "shortTermDebt": "494000",
        "totalNonCurrentLiabilities": "26868000",
        "capitalLeaseObligations": "None",
        "longTermDebt": "730000",
        "currentLongTermDebt": "494000",
        "longTermDebtNoncurrent": "None",
        "shortLongTermDebtTotal": "1224000",
        "otherCurrentLiabilities": "14199000",
        "otherNonCurrentLiabilities": "None",
        "totalShareholderEquity": "-18744000",
        "treasuryStock": "None",
        "retainedEarnings": "-18745000",
        "commonStock": "1000",
        "commonStockSharesOutstanding": "54416900"
      },
      {
        "fiscalDateEnding": "2021-12-31",
        "reportedCurrency": "None",
        "totalAssets": "343726000",
        "totalCurrentAssets": "2790000",
        "cashAndCashEquivalentsAtCarryingValue": "1966000",
        "cashAndShortTermInvestments": "1966000",
        "inventory": "None",
        "currentNetReceivables": "None",
        "totalNonCurrentAssets": "340936000",
        "propertyPlantEquipment": "None",
        "accumulatedDepreciationAmortizationPPE": "None",
        "intangibleAssets": "None",
        "intangibleAssetsExcludingGoodwill": "None",
        "goodwill": "None",
        "investments": "None",
        "longTermInvestments": "None",
        "shortTermInvestments": "None",
        "otherCurrentAssets": "824000",
        "otherNonCurrentAssets": "None",
        "totalLiabilities": "27957000",
        "totalCurrentLiabilities": "419000",
        "currentAccountsPayable": "None",
        "deferredRevenue": "None",
        "currentDebt": "None",
        "shortTermDebt": "None",
        "totalNonCurrentLiabilities": "27538000",
        "capitalLeaseObligations": "None",
        "longTermDebt": "None",
        "currentLongTermDebt": "None",
        "longTermDebtNoncurrent": "None",
        "shortLongTermDebtTotal": "None",
        "otherCurrentLiabilities": "419000",
        "otherNonCurrentLiabilities": "None",
        "totalShareholderEquity": "315769000",
        "treasuryStock": "None",
        "retainedEarnings": "-25162000",
        "commonStock": "340931000",
        "commonStockSharesOutstanding": "45457272"
      }
    ],
    "quarterlyReports": [
      {
        "fiscalDateEnding": "2025-06-30",
        "reportedCurrency": "USD",
        "totalAssets": "58203000",
        "totalCurrentAssets": "13093000",
        "cashAndCashEquivalentsAtCarryingValue": "1330000",
        "cashAndShortTermInvestments": "1330000",
        "inventory": "3579000",
        "currentNetReceivables": "1058000",
        "totalNonCurrentAssets": "45110000",
        "propertyPlantEquipment": "None",
        "accumulatedDepreciationAmortizationPPE": "None",
        "intangibleAssets": "None",
        "intangibleAssetsExcludingGoodwill": "None",
        "goodwill": "None",
        "investments": "None",
        "longTermInvestments": "None",
        "shortTermInvestments": "None",
        "otherCurrentAssets": "None",
        "otherNonCurrentAssets": "None",
        "totalLiabilities": "211369000",
        "totalCurrentLiabilities": "96515000",
        "currentAccountsPayable": "10003000",
        "deferredRevenue": "None",
        "currentDebt": "None",
        "shortTermDebt": "None",
        "totalNonCurrentLiabilities": "114854000",
        "capitalLeaseObligations": "None",
        "longTermDebt": "2238000",
        "currentLongTermDebt": "1014000",
        "longTermDebtNoncurrent": "None",
        "shortLongTermDebtTotal": "None",
        "otherCurrentLiabilities": "37800000",
        "otherNonCurrentLiabilities": "74088000",
        "totalShareholderEquity": "-153166000",
        "treasuryStock": "None",
        "retainedEarnings": "-42826000",
        "commonStock": "None",
        "commonStockSharesOutstanding": "53677429"
      },
      {
        "fiscalDateEnding": "2025-03-31",
        "reportedCurrency": "None",
        "totalAssets": "36638000",
        "totalCurrentAssets": "891000",
        "cashAndCashEquivalentsAtCarryingValue": "891000",
        "cashAndShortTermInvestments": "891000",
        "inventory": "None",
        "currentNetReceivables": "None",
        "totalNonCurrentAssets": "35747000",
        "propertyPlantEquipment": "None",
        "accumulatedDepreciationAmortizationPPE": "None",
        "intangibleAssets": "None",
        "intangibleAssetsExcludingGoodwill": "None",
        "goodwill": "None",
        "investments": "None",
        "longTermInvestments": "None",
        "shortTermInvestments": "None",
        "otherCurrentAssets": "None",
        "otherNonCurrentAssets": "None",
        "totalLiabilities": "27659000",
        "totalCurrentLiabilities": "24872000",
        "currentAccountsPayable": "None",
        "deferredRevenue": "None",
        "currentDebt": "None",
        "shortTermDebt": "11858000",
        "totalNonCurrentLiabilities": "2786999",
        "capitalLeaseObligations": "None",
        "longTermDebt": "None",
        "currentLongTermDebt": "None",
        "longTermDebtNoncurrent": "None",
        "shortLongTermDebtTotal": "11858000",
        "otherCurrentLiabilities": "13014000",
        "otherNonCurrentLiabilities": "None",
        "totalShareholderEquity": "8979000",
        "treasuryStock": "None",
        "retainedEarnings": "-36654000",
        "commonStock": "35638000",
        "commonStockSharesOutstanding": "14640771"
      },
      {
        "fiscalDateEnding": "2024-12-31",
        "reportedCurrency": "USD",
        "totalAssets": "51039000",
        "totalCurrentAssets": "8951000",
        "cashAndCashEquivalentsAtCarryingValue": "698000",
        "cashAndShortTermInvestments": "698000",
        "inventory": "3188000",
        "currentNetReceivables": "4517000",
        "totalNonCurrentAssets": "42088000",
        "propertyPlantEquipment": "None",
        "accumulatedDepreciationAmortizationPPE": "None",
        "intangibleAssets": "None",
        "intangibleAssetsExcludingGoodwill": "None",
        "goodwill": "None",
        "investments": "None",
        "longTermInvestments": "None",
        "shortTermInvestments": "None",
        "otherCurrentAssets": "548000",
        "otherNonCurrentAssets": "None",
        "totalLiabilities": "81965000",
        "totalCurrentLiabilities": "45985000",
        "currentAccountsPayable": "8371000",
        "deferredRevenue": "None",
        "currentDebt": "None",
        "shortTermDebt": "1528000",
        "totalNonCurrentLiabilities": "35980000",
        "capitalLeaseObligations": "None",
        "longTermDebt": "1374000",
        "currentLongTermDebt": "1528000",
        "longTermDebtNoncurrent": "None",
        "shortLongTermDebtTotal": "2902000",
        "otherCurrentLiabilities": "16295000",
        "otherNonCurrentLiabilities": "None",
        "totalShareholderEquity": "-30926000",
        "treasuryStock": "None",
        "retainedEarnings": "-30927000",
        "commonStock": "1000",
        "commonStockSharesOutstanding": "11364318"
      },
      {
        "fiscalDateEnding": "2024-09-30",
        "reportedCurrency": "None",
        "totalAssets": "36380000",
        "totalCurrentAssets": "904000",
        "cashAndCashEquivalentsAtCarryingValue": "889000",
        "cashAndShortTermInvestments": "889000",
        "inventory": "None",
        "currentNetReceivables": "None",
        "totalNonCurrentAssets": "35476000",
        "propertyPlantEquipment": "None",
        "accumulatedDepreciationAmortizationPPE": "None",
        "intangibleAssets": "None",
        "intangibleAssetsExcludingGoodwill": "None",
        "goodwill": "None",
        "investments": "None",
        "longTermInvestments": "None",
        "shortTermInvestments": "None",
        "otherCurrentAssets": "15000",
        "otherNonCurrentAssets": "None",
        "totalLiabilities": "59305000",
        "totalCurrentLiabilities": "21640000",
        "currentAccountsPayable": "288000",
        "deferredRevenue": "None",
        "currentDebt": "None",
        "shortTermDebt": "9861000",
        "totalNonCurrentLiabilities": "37665000",
        "capitalLeaseObligations": "None",
        "longTermDebt": "None",
        "currentLongTermDebt": "None",
        "longTermDebtNoncurrent": "None",
        "shortLongTermDebtTotal": "9861000",
        "otherCurrentLiabilities": "11491000",
        "otherNonCurrentLiabilities": "None",
        "totalShareholderEquity": "-22925000",
        "treasuryStock": "None",
        "retainedEarnings": "-32921000",
        "commonStock": "1000",
        "commonStockSharesOutstanding": "11364318"
      },
      {
        "fiscalDateEnding": "2024-06-30",
        "reportedCurrency": "USD",
        "totalAssets": "49236000",
        "totalCurrentAssets": "10014000",
        "cashAndCashEquivalentsAtCarryingValue": "1318000",
        "cashAndShortTermInvestments": "1318000",
        "inventory": "3239000",
        "currentNetReceivables": "4268000",
        "totalNonCurrentAssets": "39222000",
        "propertyPlantEquipment": "None",
        "accumulatedDepreciationAmortizationPPE": "None",
        "intangibleAssets": "None",
        "intangibleAssetsExcludingGoodwill": "None",
        "goodwill": "None",
        "investments": "None",
        "longTermInvestments": "None",
        "shortTermInvestments": "None",
        "otherCurrentAssets": "1189000",
        "otherNonCurrentAssets": "None",
        "totalLiabilities": "74575000",
        "totalCurrentLiabilities": "46092000",
        "currentAccountsPayable": "8589000",
        "deferredRevenue": "None",
        "currentDebt": "None",
        "shortTermDebt": "1102000",
        "totalNonCurrentLiabilities": "28483000",
        "capitalLeaseObligations": "None",
        "longTermDebt": "None",
        "currentLongTermDebt": "1102000",
        "longTermDebtNoncurrent": "None",
        "shortLongTermDebtTotal": "1102000",
        "otherCurrentLiabilities": "20124000",
        "otherNonCurrentLiabilities": "None",
        "totalShareholderEquity": "-25339000",
        "treasuryStock": "None",
        "retainedEarnings": "-25340000",
        "commonStock": "1000",
        "commonStockSharesOutstanding": "16633000"
      },
      {
        "fiscalDateEnding": "2024-03-31",
        "reportedCurrency": "None",
        "totalAssets": "49236000",
        "totalCurrentAssets": "10014000",
        "cashAndCashEquivalentsAtCarryingValue": "1318000",
        "cashAndShortTermInvestments": "1318000",
        "inventory": "3239000",
        "currentNetReceivables": "1383000",
        "totalNonCurrentAssets": "39222000",
        "propertyPlantEquipment": "None",
        "accumulatedDepreciationAmortizationPPE": "None",
        "intangibleAssets": "None",
        "intangibleAssetsExcludingGoodwill": "None",
        "goodwill": "None",
        "investments": "None",
        "longTermInvestments": "None",
        "shortTermInvestments": "None",
        "otherCurrentAssets": "4074000",
        "otherNonCurrentAssets": "None",
        "totalLiabilities": "74575000",
        "totalCurrentLiabilities": "46092000",
        "currentAccountsPayable": "8589000",
        "deferredRevenue": "None",
        "currentDebt": "None",
        "shortTermDebt": "1102000",
        "totalNonCurrentLiabilities": "28483000",
        "capitalLeaseObligations": "None",
        "longTermDebt": "None",
        "currentLongTermDebt": "None",
        "longTermDebtNoncurrent": "None",
        "shortLongTermDebtTotal": "1102000",
        "otherCurrentLiabilities": "36401000",
        "otherNonCurrentLiabilities": "None",
        "totalShareholderEquity": "-25339000",
        "treasuryStock": "None",
        "retainedEarnings": "-25340000",
        "commonStock": "1000",
        "commonStockSharesOutstanding": "18889000"
      },
      {
        "fiscalDateEnding": "2023-12-31",
        "reportedCurrency": "USD",
        "totalAssets": "40978000",
        "totalCurrentAssets": "4336000",
        "cashAndCashEquivalentsAtCarryingValue": "278000",
        "cashAndShortTermInvestments": "278000",
        "inventory": "2300000",
        "currentNetReceivables": "1025000",
        "totalNonCurrentAssets": "36642000",
        "propertyPlantEquipment": "None",
        "accumulatedDepreciationAmortizationPPE": "None",
        "intangibleAssets": "None",
        "intangibleAssetsExcludingGoodwill": "None",
        "goodwill": "None",
        "investments": "None",
        "longTermInvestments": "None",
        "shortTermInvestments": "None",
        "otherCurrentAssets": "733000",
        "otherNonCurrentAssets": "None",
        "totalLiabilities": "69326000",
        "totalCurrentLiabilities": "41284000",
        "currentAccountsPayable": "9932000",
        "deferredRevenue": "None",
        "currentDebt": "None",
        "shortTermDebt": "813000",
        "totalNonCurrentLiabilities": "28042000",
        "capitalLeaseObligations": "None",
        "longTermDebt": "None",
        "currentLongTermDebt": "813000",
        "longTermDebtNoncurrent": "None",
        "shortLongTermDebtTotal": "813000",
        "otherCurrentLiabilities": "18104000",
        "otherNonCurrentLiabilities": "None",
        "totalShareholderEquity": "-28348000",
        "treasuryStock": "None",
        "retainedEarnings": "-28349000",
        "commonStock": "1000",
        "commonStockSharesOutstanding": "37162083"
      }
    ]
  },
  "cashFlow": null,
  "incomeStatement": {
    "symbol": "NAMM",
    "annualReports": [
      {
        "fiscalDateEnding": "2024-12-31",
        "reportedCurrency": "USD",
        "grossProfit": "38789000",
        "totalRevenue": "85882000",
        "costOfRevenue": "47093000",
        "costofGoodsAndServicesSold": "47093000",
        "operatingIncome": "14683000",
        "sellingGeneralAndAdministrative": "18918000",
        "researchAndDevelopment": "None",
        "operatingExpenses": "24106000",
        "investmentIncomeNet": "None",
        "netInterestIncome": "-2339000",
        "interestIncome": "14000",
        "interestExpense": "1522000",
        "nonInterestIncome": "None",
        "otherNonOperatingIncome": "None",
        "depreciation": "None",
        "depreciationAndAmortization": "4141000",
        "incomeBeforeTax": "14495000",
        "incomeTaxExpense": "10907000",
        "interestAndDebtExpense": "None",
        "netIncomeFromContinuingOperations": "3588000",
        "comprehensiveIncomeNetOfTax": "None",
        "ebit": "16017000",
        "ebitda": "20158000",
        "netIncome": "3588000"
      },
      {
        "fiscalDateEnding": "2023-12-31",
        "reportedCurrency": "USD",
        "grossProfit": "22457000",
        "totalRevenue": "65063000",
        "costOfRevenue": "42606000",
        "costofGoodsAndServicesSold": "42606000",
        "operatingIncome": "17555000",
        "sellingGeneralAndAdministrative": "8512000",
        "researchAndDevelopment": "None",
        "operatingExpenses": "4902000",
        "investmentIncomeNet": "None",
        "netInterestIncome": "-2734000",
        "interestIncome": "114000",
        "interestExpense": "2415000",
        "nonInterestIncome": "None",
        "otherNonOperatingIncome": "None",
        "depreciation": "None",
        "depreciationAndAmortization": "2705000",
        "incomeBeforeTax": "8881000",
        "incomeTaxExpense": "5254000",
        "interestAndDebtExpense": "None",
        "netIncomeFromContinuingOperations": "3627000",
        "comprehensiveIncomeNetOfTax": "None",
        "ebit": "11296000",
        "ebitda": "14001000",
        "netIncome": "3627000"
      },
      {
        "fiscalDateEnding": "2022-12-31",
        "reportedCurrency": "USD",
        "grossProfit": "10720000",
        "totalRevenue": "47663000",
        "costOfRevenue": "36943000",
        "costofGoodsAndServicesSold": "36943000",
        "operatingIncome": "3414000",
        "sellingGeneralAndAdministrative": "6245000",
        "researchAndDevelopment": "None",
        "operatingExpenses": "7306000",
        "investmentIncomeNet": "None",
        "netInterestIncome": "-2474000",
        "interestIncome": "131000",
        "interestExpense": "2145000",
        "nonInterestIncome": "None",
        "otherNonOperatingIncome": "None",
        "depreciation": "None",
        "depreciationAndAmortization": "2201000",
        "incomeBeforeTax": "7448000",
        "incomeTaxExpense": "4520000",
        "interestAndDebtExpense": "None",
        "netIncomeFromContinuingOperations": "2928000",
        "comprehensiveIncomeNetOfTax": "None",
        "ebit": "9593000",
        "ebitda": "11794000",
        "netIncome": "2928000"
      },
      {
        "fiscalDateEnding": "2021-12-31",
        "reportedCurrency": "None",
        "grossProfit": "None",
        "totalRevenue": "None",
        "costOfRevenue": "None",
        "costofGoodsAndServicesSold": "None",
        "operatingIncome": "-665000",
        "sellingGeneralAndAdministrative": "None",
        "researchAndDevelopment": "None",
        "operatingExpenses": "665000",
        "investmentIncomeNet": "None",
        "netInterestIncome": "None",
        "interestIncome": "None",
        "interestExpense": "None",
        "nonInterestIncome": "None",
        "otherNonOperatingIncome": "None",
        "depreciation": "None",
        "depreciationAndAmortization": "None",
        "incomeBeforeTax": "2521000",
        "incomeTaxExpense": "None",
        "interestAndDebtExpense": "None",
        "netIncomeFromContinuingOperations": "None",
        "comprehensiveIncomeNetOfTax": "None",
        "ebit": "None",
        "ebitda": "2521000",
        "netIncome": "2521000"
      }
    ],
    "quarterlyReports": [
      {
        "fiscalDateEnding": "2025-03-31",
        "reportedCurrency": "None",
        "grossProfit": "None",
        "totalRevenue": "None",
        "costOfRevenue": "None",
        "costofGoodsAndServicesSold": "None",
        "operatingIncome": "-1369000",
        "sellingGeneralAndAdministrative": "None",
        "researchAndDevelopment": "None",
        "operatingExpenses": "1369000",
        "investmentIncomeNet": "None",
        "netInterestIncome": "None",
        "interestIncome": "None",
        "interestExpense": "None",
        "nonInterestIncome": "None",
        "otherNonOperatingIncome": "None",
        "depreciation": "None",
        "depreciationAndAmortization": "None",
        "incomeBeforeTax": "-3472000",
        "incomeTaxExpense": "60000",
        "interestAndDebtExpense": "None",
        "netIncomeFromContinuingOperations": "None",
        "comprehensiveIncomeNetOfTax": "None",
        "ebit": "None",
        "ebitda": "-3471999",
        "netIncome": "-3532000"
      },
      {
        "fiscalDateEnding": "2024-12-31",
        "reportedCurrency": "None",
        "grossProfit": "-10358500",
        "totalRevenue": "-20958500",
        "costOfRevenue": "10600000",
        "costofGoodsAndServicesSold": "10600000",
        "operatingIncome": "-13651000",
        "sellingGeneralAndAdministrative": "1749000",
        "researchAndDevelopment": "None",
        "operatingExpenses": "-17907500",
        "investmentIncomeNet": "None",
        "netInterestIncome": "None",
        "interestIncome": "None",
        "interestExpense": "None",
        "nonInterestIncome": "None",
        "otherNonOperatingIncome": "None",
        "depreciation": "None",
        "depreciationAndAmortization": "13224000",
        "incomeBeforeTax": "-16925500",
        "incomeTaxExpense": "30000",
        "interestAndDebtExpense": "None",
        "netIncomeFromContinuingOperations": "None",
        "comprehensiveIncomeNetOfTax": "None",
        "ebit": "None",
        "ebitda": "None",
        "netIncome": "-14962000"
      },
      {
        "fiscalDateEnding": "2024-09-30",
        "reportedCurrency": "None",
        "grossProfit": "-10358500",
        "totalRevenue": "-20958500",
        "costOfRevenue": "10600000",
        "costofGoodsAndServicesSold": "10600000",
        "operatingIncome": "-1310000",
        "sellingGeneralAndAdministrative": "1749000",
        "researchAndDevelopment": "None",
        "operatingExpenses": "-17907500",
        "investmentIncomeNet": "None",
        "netInterestIncome": "None",
        "interestIncome": "None",
        "interestExpense": "None",
        "nonInterestIncome": "None",
        "otherNonOperatingIncome": "None",
        "depreciation": "None",
        "depreciationAndAmortization": "833000",
        "incomeBeforeTax": "-9832000",
        "incomeTaxExpense": "140000",
        "interestAndDebtExpense": "None",
        "netIncomeFromContinuingOperations": "None",
        "comprehensiveIncomeNetOfTax": "None",
        "ebit": "-13224000",
        "ebitda": "-12391000",
        "netIncome": "-14962000"
      },
      {
        "fiscalDateEnding": "2024-06-30",
        "reportedCurrency": "None",
        "grossProfit": "10358500",
        "totalRevenue": "20958500",
        "costOfRevenue": "10600000",
        "costofGoodsAndServicesSold": "10600000",
        "operatingIncome": "6235500",
        "sellingGeneralAndAdministrative": "1581500",
        "researchAndDevelopment": "None",
        "operatingExpenses": "4123000",
        "investmentIncomeNet": "None",
        "netInterestIncome": "None",
        "interestIncome": "None",
        "interestExpense": "None",
        "nonInterestIncome": "None",
        "otherNonOperatingIncome": "None",
        "depreciation": "None",
        "depreciationAndAmortization": "833000",
        "incomeBeforeTax": "6804000",
        "incomeTaxExpense": "2216500",
        "interestAndDebtExpense": "None",
        "netIncomeFromContinuingOperations": "None",
        "comprehensiveIncomeNetOfTax": "None",
        "ebit": "5808500",
        "ebitda": "6641500",
        "netIncome": "4587500"
      },
      {
        "fiscalDateEnding": "2024-03-31",
        "reportedCurrency": "None",
        "grossProfit": "10358500",
        "totalRevenue": "20958500",
        "costOfRevenue": "10600000",
        "costofGoodsAndServicesSold": "10600000",
        "operatingIncome": "6235500",
        "sellingGeneralAndAdministrative": "1581500",
        "researchAndDevelopment": "None",
        "operatingExpenses": "4123000",
        "investmentIncomeNet": "None",
        "netInterestIncome": "None",
        "interestIncome": "None",
        "interestExpense": "None",
        "nonInterestIncome": "None",
        "otherNonOperatingIncome": "None",
        "depreciation": "None",
        "depreciationAndAmortization": "833000",
        "incomeBeforeTax": "6804000",
        "incomeTaxExpense": "2216500",
        "interestAndDebtExpense": "None",
        "netIncomeFromContinuingOperations": "None",
        "comprehensiveIncomeNetOfTax": "None",
        "ebit": "5808500",
        "ebitda": "6641500",
        "netIncome": "4587500"
      },
      {
        "fiscalDateEnding": "2023-12-31",
        "reportedCurrency": "None",
        "grossProfit": "-6181000",
        "totalRevenue": "-16807500",
        "costOfRevenue": "10626500",
        "costofGoodsAndServicesSold": "10626500",
        "operatingIncome": "-8324000",
        "sellingGeneralAndAdministrative": "1971500",
        "researchAndDevelopment": "None",
        "operatingExpenses": "-19110000",
        "investmentIncomeNet": "None",
        "netInterestIncome": "None",
        "interestIncome": "None",
        "interestExpense": "None",
        "nonInterestIncome": "None",
        "otherNonOperatingIncome": "None",
        "depreciation": "None",
        "depreciationAndAmortization": "7050000",
        "incomeBeforeTax": "3757500",
        "incomeTaxExpense": "273500",
        "interestAndDebtExpense": "None",
        "netIncomeFromContinuingOperations": "None",
        "comprehensiveIncomeNetOfTax": "None",
        "ebit": "None",
        "ebitda": "None",
        "netIncome": "3484000"
      }
    ]
  }
}