{
  "ticker": "SJ",
  "balanceSheet": {
    "symbol": "SJ",
    "annualReports": [
      {
        "fiscalDateEnding": "2024-12-31",
        "reportedCurrency": "CNY",
        "totalAssets": "1405084689",
        "totalCurrentAssets": "544607260",
        "cashAndCashEquivalentsAtCarryingValue": "252523882",
        "cashAndShortTermInvestments": "252523882",
        "inventory": "None",
        "currentNetReceivables": "248852586",
        "totalNonCurrentAssets": "860477421",
        "propertyPlantEquipment": "None",
        "accumulatedDepreciationAmortizationPPE": "None",
        "intangibleAssets": "405229376",
        "intangibleAssetsExcludingGoodwill": "405229376",
        "goodwill": "182645171",
        "investments": "None",
        "longTermInvestments": "257387000",
        "shortTermInvestments": "37625314",
        "otherCurrentAssets": "5605478.40",
        "otherNonCurrentAssets": "None",
        "totalLiabilities": "219847154",
        "totalCurrentLiabilities": "160748771",
        "currentAccountsPayable": "36012279",
        "deferredRevenue": "None",
        "currentDebt": "None",
        "shortTermDebt": "4094626.80",
        "totalNonCurrentLiabilities": "59098376",
        "capitalLeaseObligations": "4798000",
        "longTermDebt": "None",
        "currentLongTermDebt": "None",
        "longTermDebtNoncurrent": "None",
        "shortLongTermDebtTotal": "4795311.60",
        "otherCurrentLiabilities": "29180546.60",
        "otherNonCurrentLiabilities": "None",
        "totalShareholderEquity": "1199017668",
        "treasuryStock": "None",
        "retainedEarnings": "662453685",
        "commonStock": "468028243",
        "commonStockSharesOutstanding": "41564237"
      },
      {
        "fiscalDateEnding": "2023-12-31",
        "reportedCurrency": "CNY",
        "totalAssets": "1445228496",
        "totalCurrentAssets": "575687064",
        "cashAndCashEquivalentsAtCarryingValue": "205005943",
        "cashAndShortTermInvestments": "205005943",
        "inventory": "2",
        "currentNetReceivables": "333220551",
        "totalNonCurrentAssets": "869541431",
        "propertyPlantEquipment": "None",
        "accumulatedDepreciationAmortizationPPE": "None",
        "intangibleAssets": "411237430",
        "intangibleAssetsExcludingGoodwill": "411237430",
        "goodwill": "182060635",
        "investments": "None",
        "longTermInvestments": "254411000",
        "shortTermInvestments": "31453277",
        "otherCurrentAssets": "6007292",
        "otherNonCurrentAssets": "None",
        "totalLiabilities": "298062305",
        "totalCurrentLiabilities": "233590164",
        "currentAccountsPayable": "73008440",
        "deferredRevenue": "None",
        "currentDebt": "None",
        "shortTermDebt": "7955412",
        "totalNonCurrentLiabilities": "64472134",
        "capitalLeaseObligations": "12772000",
        "longTermDebt": "None",
        "currentLongTermDebt": "None",
        "longTermDebtNoncurrent": "None",
        "shortLongTermDebtTotal": "12744244",
        "otherCurrentLiabilities": "42250749",
        "otherNonCurrentLiabilities": "None",
        "totalShareholderEquity": "1148002111",
        "treasuryStock": "None",
        "retainedEarnings": "627422038",
        "commonStock": "446523190",
        "commonStockSharesOutstanding": "40649414"
      },
      {
        "fiscalDateEnding": "2022-12-31",
        "reportedCurrency": "CNY",
        "totalAssets": "1492190670",
        "totalCurrentAssets": "644538664",
        "cashAndCashEquivalentsAtCarryingValue": "174143156",
        "cashAndShortTermInvestments": "174143156",
        "inventory": "None",
        "currentNetReceivables": "317171456",
        "totalNonCurrentAssets": "847652006",
        "propertyPlantEquipment": "None",
        "accumulatedDepreciationAmortizationPPE": "None",
        "intangibleAssets": "587954985",
        "intangibleAssetsExcludingGoodwill": "587954985",
        "goodwill": "172781000",
        "investments": "None",
        "longTermInvestments": "234176000",
        "shortTermInvestments": "40282810",
        "otherCurrentAssets": "112941240",
        "otherNonCurrentAssets": "None",
        "totalLiabilities": "337316287",
        "totalCurrentLiabilities": "263794506",
        "currentAccountsPayable": "115490179",
        "deferredRevenue": "None",
        "currentDebt": "None",
        "shortTermDebt": "12093750",
        "totalNonCurrentLiabilities": "73521774",
        "capitalLeaseObligations": "19947000",
        "longTermDebt": "None",
        "currentLongTermDebt": "5000000",
        "longTermDebtNoncurrent": "None",
        "shortLongTermDebtTotal": "24783623",
        "otherCurrentLiabilities": "29910573",
        "otherNonCurrentLiabilities": "None",
        "totalShareholderEquity": "1152996939",
        "treasuryStock": "None",
        "retainedEarnings": "660736752",
        "commonStock": "418018947",
        "commonStockSharesOutstanding": "39263147"
      },
      {
        "fiscalDateEnding": "2021-12-31",
        "reportedCurrency": "CNY",
        "totalAssets": "1088218303",
        "totalCurrentAssets": "651832234",
        "cashAndCashEquivalentsAtCarryingValue": "240693166",
        "cashAndShortTermInvestments": "240693166",
        "inventory": "None",
        "currentNetReceivables": "344806806",
        "totalNonCurrentAssets": "436386068",
        "propertyPlantEquipment": "1674000",
        "accumulatedDepreciationAmortizationPPE": "None",
        "intangibleAssets": "327593521",
        "intangibleAssetsExcludingGoodwill": "327593521",
        "goodwill": "92069000",
        "investments": "None",
        "longTermInvestments": "101727000",
        "shortTermInvestments": "38761721",
        "otherCurrentAssets": "27570539",
        "otherNonCurrentAssets": "None",
        "totalLiabilities": "279626766",
        "totalCurrentLiabilities": "220939903",
        "currentAccountsPayable": "85722670",
        "deferredRevenue": "None",
        "currentDebt": "None",
        "shortTermDebt": "48996000",
        "totalNonCurrentLiabilities": "58686863",
        "capitalLeaseObligations": "0",
        "longTermDebt": "None",
        "currentLongTermDebt": "None",
        "longTermDebtNoncurrent": "None",
        "shortLongTermDebtTotal": "None",
        "otherCurrentLiabilities": "61602411",
        "otherNonCurrentLiabilities": "None",
        "totalShareholderEquity": "808591537",
        "treasuryStock": "None",
        "retainedEarnings": "478693574",
        "commonStock": "153073469",
        "commonStockSharesOutstanding": "30842183"
      },
      {
        "fiscalDateEnding": "2020-12-31",
        "reportedCurrency": "CNY",
        "totalAssets": "811896489",
        "totalCurrentAssets": "466771963",
        "cashAndCashEquivalentsAtCarryingValue": "224782176",
        "cashAndShortTermInvestments": "224782176",
        "inventory": "None",
        "currentNetReceivables": "228234139",
        "totalNonCurrentAssets": "345124518",
        "propertyPlantEquipment": "1356000",
        "accumulatedDepreciationAmortizationPPE": "None",
        "intangibleAssets": "331727776",
        "intangibleAssetsExcludingGoodwill": "331727776",
        "goodwill": "92069000",
        "investments": "None",
        "longTermInvestments": "5000000",
        "shortTermInvestments": "0",
        "otherCurrentAssets": "13755648",
        "otherNonCurrentAssets": "None",
        "totalLiabilities": "352341672",
        "totalCurrentLiabilities": "277488235",
        "currentAccountsPayable": "67088151",
        "deferredRevenue": "None",
        "currentDebt": "None",
        "shortTermDebt": "39080000",
        "totalNonCurrentLiabilities": "74853430",
        "capitalLeaseObligations": "None",
        "longTermDebt": "None",
        "currentLongTermDebt": "None",
        "longTermDebtNoncurrent": "None",
        "shortLongTermDebtTotal": "None",
        "otherCurrentLiabilities": "152251766",
        "otherNonCurrentLiabilities": "15116000",
        "totalShareholderEquity": "459554816",
        "treasuryStock": "None",
        "retainedEarnings": "322631298",
        "commonStock": "103761180",
        "commonStockSharesOutstanding": "26828666"
      },
      {
        "fiscalDateEnding": "2019-12-31",
        "reportedCurrency": "CNY",
        "totalAssets": "279998000",
        "totalCurrentAssets": "269525000",
        "cashAndCashEquivalentsAtCarryingValue": "137351000",
        "cashAndShortTermInvestments": "137351000",
        "inventory": "5020167",
        "currentNetReceivables": "127153000",
        "totalNonCurrentAssets": "10473000",
        "propertyPlantEquipment": "736000",
        "accumulatedDepreciationAmortizationPPE": "None",
        "intangibleAssets": "195000",
        "intangibleAssetsExcludingGoodwill": "195000",
        "goodwill": "0",
        "investments": "None",
        "longTermInvestments": "5000000",
        "shortTermInvestments": "None",
        "otherCurrentAssets": "833",
        "otherNonCurrentAssets": "None",
        "totalLiabilities": "105472000",
        "totalCurrentLiabilities": "105472000",
        "currentAccountsPayable": "27163000",
        "deferredRevenue": "None",
        "currentDebt": "None",
        "shortTermDebt": "5525000",
        "totalNonCurrentLiabilities": "72976000",
        "capitalLeaseObligations": "None",
        "longTermDebt": "465640",
        "currentLongTermDebt": "5525000",
        "longTermDebtNoncurrent": "None",
        "shortLongTermDebtTotal": "5990640",
        "otherCurrentLiabilities": "32496000",
        "otherNonCurrentLiabilities": "None",
        "totalShareholderEquity": "174526000",
        "treasuryStock": "None",
        "retainedEarnings": "152803000",
        "commonStock": "9664000",
        "commonStockSharesOutstanding": "20002000"
      },
      {
        "fiscalDateEnding": "2018-12-31",
        "reportedCurrency": "CNY",
        "totalAssets": "2523738",
        "totalCurrentAssets": "363948",
        "cashAndCashEquivalentsAtCarryingValue": "363948",
        "cashAndShortTermInvestments": "363948",
        "inventory": "1",
        "currentNetReceivables": "221377000",
        "totalNonCurrentAssets": "2159790.40",
        "propertyPlantEquipment": "951000",
        "accumulatedDepreciationAmortizationPPE": "None",
        "intangibleAssets": "206000",
        "intangibleAssetsExcludingGoodwill": "206000",
        "goodwill": "None",
        "investments": "None",
        "longTermInvestments": "None",
        "shortTermInvestments": "20000000",
        "otherCurrentAssets": "41630000",
        "otherNonCurrentAssets": "None",
        "totalLiabilities": "2769434.50",
        "totalCurrentLiabilities": "2769434.50",
        "currentAccountsPayable": "81699000",
        "deferredRevenue": "None",
        "currentDebt": "None",
        "shortTermDebt": "2681295.50",
        "totalNonCurrentLiabilities": "None",
        "capitalLeaseObligations": "None",
        "longTermDebt": "None",
        "currentLongTermDebt": "None",
        "longTermDebtNoncurrent": "None",
        "shortLongTermDebtTotal": "2681295.50",
        "otherCurrentLiabilities": "88139",
        "otherNonCurrentLiabilities": "None",
        "totalShareholderEquity": "-245696",
        "treasuryStock": "None",
        "retainedEarnings": "-418261",
        "commonStock": "172565",
        "commonStockSharesOutstanding": "7457500"
      }
    ],
    "quarterlyReports": [
      {
        "fiscalDateEnding": "2025-09-30",
        "reportedCurrency": "None",
        "totalAssets": "1380741000",
        "totalCurrentAssets": "479398000",
        "cashAndCashEquivalentsAtCarryingValue": "254081000",
        "cashAndShortTermInvestments": "254081000",
        "inventory": "None",
        "currentNetReceivables": "186551000",
        "totalNonCurrentAssets": "901343000",
        "propertyPlantEquipment": "None",
        "accumulatedDepreciationAmortizationPPE": "None",
        "intangibleAssets": "400254000",
        "intangibleAssetsExcludingGoodwill": "400254000",
        "goodwill": "183063000",
        "investments": "None",
        "longTermInvestments": "None",
        "shortTermInvestments": "6293000",
        "otherCurrentAssets": "32472999",
        "otherNonCurrentAssets": "None",
        "totalLiabilities": "172599000",
        "totalCurrentLiabilities": "103254000",
        "currentAccountsPayable": "19135000",
        "deferredRevenue": "None",
        "currentDebt": "None",
        "shortTermDebt": "3901000",
        "totalNonCurrentLiabilities": "69345000",
        "capitalLeaseObligations": "None",
        "longTermDebt": "None",
        "currentLongTermDebt": "None",
        "longTermDebtNoncurrent": "None",
        "shortLongTermDebtTotal": "15857000",
        "otherCurrentLiabilities": "80218000",
        "otherNonCurrentLiabilities": "None",
        "totalShareholderEquity": "1226838000",
        "treasuryStock": "None",
        "retainedEarnings": "733446000",
        "commonStock": "474522000",
        "commonStockSharesOutstanding": "42337768"
      },
      {
        "fiscalDateEnding": "2025-06-30",
        "reportedCurrency": "CNY",
        "totalAssets": "1431863020",
        "totalCurrentAssets": "556935913",
        "cashAndCashEquivalentsAtCarryingValue": "298505385",
        "cashAndShortTermInvestments": "298505385",
        "inventory": "None",
        "currentNetReceivables": "222811617",
        "totalNonCurrentAssets": "874927107",
        "propertyPlantEquipment": "None",
        "accumulatedDepreciationAmortizationPPE": "None",
        "intangibleAssets": "401801659",
        "intangibleAssetsExcludingGoodwill": "401801659",
        "goodwill": "183145103",
        "investments": "None",
        "longTermInvestments": "262214000",
        "shortTermInvestments": "6540640",
        "otherCurrentAssets": "29078271",
        "otherNonCurrentAssets": "None",
        "totalLiabilities": "229853731",
        "totalCurrentLiabilities": "160206295",
        "currentAccountsPayable": "39043255",
        "deferredRevenue": "None",
        "currentDebt": "None",
        "shortTermDebt": "9225551",
        "totalNonCurrentLiabilities": "69647435",
        "capitalLeaseObligations": "16568000",
        "longTermDebt": "None",
        "currentLongTermDebt": "None",
        "longTermDebtNoncurrent": "None",
        "shortLongTermDebtTotal": "16570100",
        "otherCurrentLiabilities": "10368607",
        "otherNonCurrentLiabilities": "None",
        "totalShareholderEquity": "1219360255",
        "treasuryStock": "None",
        "retainedEarnings": "675527114",
        "commonStock": "473977951",
        "commonStockSharesOutstanding": "41669236"
      },
      {
        "fiscalDateEnding": "2025-03-31",
        "reportedCurrency": "CNY",
        "totalAssets": "1412716279",
        "totalCurrentAssets": "539001439",
        "cashAndCashEquivalentsAtCarryingValue": "286720818",
        "cashAndShortTermInvestments": "286720818",
        "inventory": "None",
        "currentNetReceivables": "208522250",
        "totalNonCurrentAssets": "873714840",
        "propertyPlantEquipment": "None",
        "accumulatedDepreciationAmortizationPPE": "None",
        "intangibleAssets": "403855256",
        "intangibleAssetsExcludingGoodwill": "403855256",
        "goodwill": "182775624",
        "investments": "None",
        "longTermInvestments": "256890000",
        "shortTermInvestments": "13305449",
        "otherCurrentAssets": "30452920",
        "otherNonCurrentAssets": "None",
        "totalLiabilities": "235459976",
        "totalCurrentLiabilities": "164625887",
        "currentAccountsPayable": "29624953",
        "deferredRevenue": "None",
        "currentDebt": "None",
        "shortTermDebt": "5701298",
        "totalNonCurrentLiabilities": "70834088",
        "capitalLeaseObligations": "18418000",
        "longTermDebt": "None",
        "currentLongTermDebt": "None",
        "longTermDebtNoncurrent": "None",
        "shortLongTermDebtTotal": "18440249",
        "otherCurrentLiabilities": "33994009.80",
        "otherNonCurrentLiabilities": "None",
        "totalShareholderEquity": "1194963009",
        "treasuryStock": "None",
        "retainedEarnings": "653339699",
        "commonStock": "472031153",
        "commonStockSharesOutstanding": "41563935"
      },
      {
        "fiscalDateEnding": "2024-12-31",
        "reportedCurrency": "CNY",
        "totalAssets": "1405185000",
        "totalCurrentAssets": "544644000",
        "cashAndCashEquivalentsAtCarryingValue": "252540000",
        "cashAndShortTermInvestments": "252540000",
        "inventory": "None",
        "currentNetReceivables": "226060000",
        "totalNonCurrentAssets": "860541000",
        "propertyPlantEquipment": "None",
        "accumulatedDepreciationAmortizationPPE": "None",
        "intangibleAssets": "405256000",
        "intangibleAssetsExcludingGoodwill": "405256000",
        "goodwill": "182661000",
        "investments": "None",
        "longTermInvestments": "257387000",
        "shortTermInvestments": "37629000",
        "otherCurrentAssets": "None",
        "otherNonCurrentAssets": "None",
        "totalLiabilities": "219869000",
        "totalCurrentLiabilities": "160769000",
        "currentAccountsPayable": "36015000",
        "deferredRevenue": "None",
        "currentDebt": "None",
        "shortTermDebt": "None",
        "totalNonCurrentLiabilities": "59100000",
        "capitalLeaseObligations": "4798000",
        "longTermDebt": "None",
        "currentLongTermDebt": "None",
        "longTermDebtNoncurrent": "None",
        "shortLongTermDebtTotal": "None",
        "otherCurrentLiabilities": "None",
        "otherNonCurrentLiabilities": "None",
        "totalShareholderEquity": "1199094000",
        "treasuryStock": "None",
        "retainedEarnings": "662499000",
        "commonStock": "None",
        "commonStockSharesOutstanding": "41847784"
      },
      {
        "fiscalDateEnding": "2024-09-30",
        "reportedCurrency": "CNY",
        "totalAssets": "1403272781",
        "totalCurrentAssets": "533645066",
        "cashAndCashEquivalentsAtCarryingValue": "217080949",
        "cashAndShortTermInvestments": "217080949",
        "inventory": "None",
        "currentNetReceivables": "243804213",
        "totalNonCurrentAssets": "869627715",
        "propertyPlantEquipment": "None",
        "accumulatedDepreciationAmortizationPPE": "None",
        "intangibleAssets": "406548327",
        "intangibleAssetsExcludingGoodwill": "406548327",
        "goodwill": "182155635",
        "investments": "None",
        "longTermInvestments": "266870000",
        "shortTermInvestments": "43540973",
        "otherCurrentAssets": "29218930",
        "otherNonCurrentAssets": "None",
        "totalLiabilities": "211521781",
        "totalCurrentLiabilities": "152137530",
        "currentAccountsPayable": "28868415",
        "deferredRevenue": "None",
        "currentDebt": "None",
        "shortTermDebt": "5096488.10",
        "totalNonCurrentLiabilities": "59384244",
        "capitalLeaseObligations": "5797000",
        "longTermDebt": "None",
        "currentLongTermDebt": "None",
        "longTermDebtNoncurrent": "None",
        "shortLongTermDebtTotal": "5790507.80",
        "otherCurrentLiabilities": "17683116.10",
        "otherNonCurrentLiabilities": "None",
        "totalShareholderEquity": "1200633050",
        "treasuryStock": "None",
        "retainedEarnings": "664611491",
        "commonStock": "465140415",
        "commonStockSharesOutstanding": "41845855"
      },
      {
        "fiscalDateEnding": "2024-06-30",
        "reportedCurrency": "CNY",
        "totalAssets": "1405721314",
        "totalCurrentAssets": "530665300",
        "cashAndCashEquivalentsAtCarryingValue": "188752532",
        "cashAndShortTermInvestments": "188752532",
        "inventory": "None",
        "currentNetReceivables": "301095714",
        "totalNonCurrentAssets": "875056014",
        "propertyPlantEquipment": "None",
        "accumulatedDepreciationAmortizationPPE": "None",
        "intangibleAssets": "408664674",
        "intangibleAssetsExcludingGoodwill": "408664674",
        "goodwill": "182524970",
        "investments": "None",
        "longTermInvestments": "267519000",
        "shortTermInvestments": "35287095",
        "otherCurrentAssets": "5529958.70",
        "otherNonCurrentAssets": "None",
        "totalLiabilities": "214832718",
        "totalCurrentLiabilities": "152949501",
        "currentAccountsPayable": "35025494",
        "deferredRevenue": "None",
        "currentDebt": "None",
        "shortTermDebt": "6104028",
        "totalNonCurrentLiabilities": "61883217",
        "capitalLeaseObligations": "8874000",
        "longTermDebt": "None",
        "currentLongTermDebt": "None",
        "longTermDebtNoncurrent": "None",
        "shortLongTermDebtTotal": "8879907.40",
        "otherCurrentLiabilities": "17632655.90",
        "otherNonCurrentLiabilities": "None",
        "totalShareholderEquity": "1197428626",
        "treasuryStock": "None",
        "retainedEarnings": "667351927",
        "commonStock": "463077724",
        "commonStockSharesOutstanding": "41334310"
      },
      {
        "fiscalDateEnding": "2024-03-31",
        "reportedCurrency": "CNY",
        "totalAssets": "1385788560",
        "totalCurrentAssets": "503931000",
        "cashAndCashEquivalentsAtCarryingValue": "206452650",
        "cashAndShortTermInvestments": "206452650",
        "inventory": "2",
        "currentNetReceivables": "210609900",
        "totalNonCurrentAssets": "881857560",
        "propertyPlantEquipment": "None",
        "accumulatedDepreciationAmortizationPPE": "None",
        "intangibleAssets": "410960430",
        "intangibleAssetsExcludingGoodwill": "410960430",
        "goodwill": "182745480",
        "investments": "None",
        "longTermInvestments": "267434000",
        "shortTermInvestments": "28334370",
        "otherCurrentAssets": "58534080",
        "otherNonCurrentAssets": "None",
        "totalLiabilities": "229697100",
        "totalCurrentLiabilities": "167403420",
        "currentAccountsPayable": "35325780",
        "deferredRevenue": "None",
        "currentDebt": "None",
        "shortTermDebt": "7092630",
        "totalNonCurrentLiabilities": "62293680",
        "capitalLeaseObligations": "9826000",
        "longTermDebt": "None",
        "currentLongTermDebt": "None",
        "longTermDebtNoncurrent": "None",
        "shortLongTermDebtTotal": "9840030",
        "otherCurrentLiabilities": "26804920",
        "otherNonCurrentLiabilities": "None",
        "totalShareholderEquity": "1160711430",
        "treasuryStock": "None",
        "retainedEarnings": "636254460",
        "commonStock": "450559140",
        "commonStockSharesOutstanding": "41164872"
      },
      {
        "fiscalDateEnding": "2023-12-31",
        "reportedCurrency": "CNY",
        "totalAssets": "1448464000",
        "totalCurrentAssets": "576977000",
        "cashAndCashEquivalentsAtCarryingValue": "205465000",
        "cashAndShortTermInvestments": "205465000",
        "inventory": "None",
        "currentNetReceivables": "260979000",
        "totalNonCurrentAssets": "871487000",
        "propertyPlantEquipment": "None",
        "accumulatedDepreciationAmortizationPPE": "None",
        "intangibleAssets": "412154000",
        "intangibleAssetsExcludingGoodwill": "412154000",
        "goodwill": "182467000",
        "investments": "None",
        "longTermInvestments": "254411000",
        "shortTermInvestments": "31525000",
        "otherCurrentAssets": "None",
        "otherNonCurrentAssets": "None",
        "totalLiabilities": "298737000",
        "totalCurrentLiabilities": "234121000",
        "currentAccountsPayable": "73183000",
        "deferredRevenue": "None",
        "currentDebt": "None",
        "shortTermDebt": "None",
        "totalNonCurrentLiabilities": "64616000",
        "capitalLeaseObligations": "12772000",
        "longTermDebt": "None",
        "currentLongTermDebt": "None",
        "longTermDebtNoncurrent": "None",
        "shortLongTermDebtTotal": "None",
        "otherCurrentLiabilities": "None",
        "otherNonCurrentLiabilities": "None",
        "totalShareholderEquity": "1150564000",
        "treasuryStock": "None",
        "retainedEarnings": "628821000",
        "commonStock": "None",
        "commonStockSharesOutstanding": "41038937"
      },
      {
        "fiscalDateEnding": "2023-09-30",
        "reportedCurrency": "CNY",
        "totalAssets": "1398443123",
        "totalCurrentAssets": "547358500",
        "cashAndCashEquivalentsAtCarryingValue": "198956459",
        "cashAndShortTermInvestments": "198956459",
        "inventory": "1",
        "currentNetReceivables": "225797067",
        "totalNonCurrentAssets": "851084616",
        "propertyPlantEquipment": "None",
        "accumulatedDepreciationAmortizationPPE": "None",
        "intangibleAssets": "414302122",
        "intangibleAssetsExcludingGoodwill": "414302122",
        "goodwill": "172963065",
        "investments": "None",
        "longTermInvestments": "241545000",
        "shortTermInvestments": "41703365",
        "otherCurrentAssets": "80901607",
        "otherNonCurrentAssets": "None",
        "totalLiabilities": "262044668",
        "totalCurrentLiabilities": "196005818",
        "currentAccountsPayable": "55587445",
        "deferredRevenue": "None",
        "currentDebt": "None",
        "shortTermDebt": "7887852",
        "totalNonCurrentLiabilities": "66038842",
        "capitalLeaseObligations": "13680000",
        "longTermDebt": "None",
        "currentLongTermDebt": "None",
        "longTermDebtNoncurrent": "None",
        "shortLongTermDebtTotal": "13694187",
        "otherCurrentLiabilities": "23436561",
        "otherNonCurrentLiabilities": "None",
        "totalShareholderEquity": "1137106901",
        "treasuryStock": "None",
        "retainedEarnings": "627778072",
        "commonStock": "445517566",
        "commonStockSharesOutstanding": "41038937"
      },
      {
        "fiscalDateEnding": "2023-06-30",
        "reportedCurrency": "CNY",
        "totalAssets": "1504528577",
        "totalCurrentAssets": "658219935",
        "cashAndCashEquivalentsAtCarryingValue": "202523639",
        "cashAndShortTermInvestments": "202523639",
        "inventory": "None",
        "currentNetReceivables": "254860232",
        "totalNonCurrentAssets": "846308641",
        "propertyPlantEquipment": "18028000",
        "accumulatedDepreciationAmortizationPPE": "None",
        "intangibleAssets": "415107551",
        "intangibleAssetsExcludingGoodwill": "415107551",
        "goodwill": "172581835",
        "investments": "None",
        "longTermInvestments": "234588000",
        "shortTermInvestments": "105571295",
        "otherCurrentAssets": "95264767",
        "otherNonCurrentAssets": "None",
        "totalLiabilities": "256048054",
        "totalCurrentLiabilities": "186727056",
        "currentAccountsPayable": "57160309",
        "deferredRevenue": "None",
        "currentDebt": "None",
        "shortTermDebt": "12515587",
        "totalNonCurrentLiabilities": "69320991",
        "capitalLeaseObligations": "16401000",
        "longTermDebt": "None",
        "currentLongTermDebt": "5000000",
        "longTermDebtNoncurrent": "None",
        "shortLongTermDebtTotal": "21380794",
        "otherCurrentLiabilities": "20368484",
        "otherNonCurrentLiabilities": "None",
        "totalShareholderEquity": "1248835420",
        "treasuryStock": "None",
        "retainedEarnings": "742077267",
        "commonStock": "441978401",
        "commonStockSharesOutstanding": "40771279"
      },
      {
        "fiscalDateEnding": "2023-03-31",
        "reportedCurrency": "CNY",
        "totalAssets": "1428994837",
        "totalCurrentAssets": "574519441",
        "cashAndCashEquivalentsAtCarryingValue": "179875446",
        "cashAndShortTermInvestments": "179875446",
        "inventory": "-72606000",
        "currentNetReceivables": "239604791",
        "totalNonCurrentAssets": "854475395",
        "propertyPlantEquipment": "19971000",
        "accumulatedDepreciationAmortizationPPE": "None",
        "intangibleAssets": "417734208",
        "intangibleAssetsExcludingGoodwill": "417734208",
        "goodwill": "172946320",
        "investments": "None",
        "longTermInvestments": "237458000",
        "shortTermInvestments": "42165933",
        "otherCurrentAssets": "112873262",
        "otherNonCurrentAssets": "None",
        "totalLiabilities": "269026082",
        "totalCurrentLiabilities": "198250005",
        "currentAccountsPayable": "43478893",
        "deferredRevenue": "None",
        "currentDebt": "None",
        "shortTermDebt": "14243204",
        "totalNonCurrentLiabilities": "70776076",
        "capitalLeaseObligations": "19055000",
        "longTermDebt": "None",
        "currentLongTermDebt": "5000000",
        "longTermDebtNoncurrent": "None",
        "shortLongTermDebtTotal": "24080089",
        "otherCurrentLiabilities": "34057314",
        "otherNonCurrentLiabilities": "None",
        "totalShareholderEquity": "1160463692",
        "treasuryStock": "None",
        "retainedEarnings": "662577089",
        "commonStock": "423068536",
        "commonStockSharesOutstanding": "40447415"
      },
      {
        "fiscalDateEnding": "2022-12-31",
        "reportedCurrency": "CNY",
        "totalAssets": "1502028000",
        "totalCurrentAssets": "648782000",
        "cashAndCashEquivalentsAtCarryingValue": "175292000",
        "cashAndShortTermInvestments": "175292000",
        "inventory": "None",
        "currentNetReceivables": "389263000",
        "totalNonCurrentAssets": "853246000",
        "propertyPlantEquipment": "None",
        "accumulatedDepreciationAmortizationPPE": "None",
        "intangibleAssets": "419055000",
        "intangibleAssetsExcludingGoodwill": "419055000",
        "goodwill": "172781000",
        "investments": "None",
        "longTermInvestments": "234176000",
        "shortTermInvestments": "40548000",
        "otherCurrentAssets": "None",
        "otherNonCurrentAssets": "None",
        "totalLiabilities": "339542000",
        "totalCurrentLiabilities": "265533000",
        "currentAccountsPayable": "116251000",
        "deferredRevenue": "None",
        "currentDebt": "None",
        "shortTermDebt": "12174000",
        "totalNonCurrentLiabilities": "74009000",
        "capitalLeaseObligations": "19947000",
        "longTermDebt": "None",
        "currentLongTermDebt": "5000000",
        "longTermDebtNoncurrent": "None",
        "shortLongTermDebtTotal": "24947000",
        "otherCurrentLiabilities": "43725000",
        "otherNonCurrentLiabilities": "None",
        "totalShareholderEquity": "1160594000",
        "treasuryStock": "None",
        "retainedEarnings": "665099000",
        "commonStock": "420776000",
        "commonStockSharesOutstanding": "39263147"
      },
      {
        "fiscalDateEnding": "2022-09-30",
        "reportedCurrency": "CNY",
        "totalAssets": "1428100989",
        "totalCurrentAssets": "634073582",
        "cashAndCashEquivalentsAtCarryingValue": "159418216",
        "cashAndShortTermInvestments": "159418216",
        "inventory": "None",
        "currentNetReceivables": "320928872",
        "totalNonCurrentAssets": "794027406",
        "propertyPlantEquipment": "11986000",
        "accumulatedDepreciationAmortizationPPE": "None",
        "intangibleAssets": "422437205",
        "intangibleAssetsExcludingGoodwill": "422437205",
        "goodwill": "173458274",
        "investments": "None",
        "longTermInvestments": "179581000",
        "shortTermInvestments": "40313391",
        "otherCurrentAssets": "113413102",
        "otherNonCurrentAssets": "None",
        "totalLiabilities": "263340354",
        "totalCurrentLiabilities": "191597514",
        "currentAccountsPayable": "37799606",
        "deferredRevenue": "None",
        "currentDebt": "None",
        "shortTermDebt": "9048196",
        "totalNonCurrentLiabilities": "71742839",
        "capitalLeaseObligations": "9162000",
        "longTermDebt": "None",
        "currentLongTermDebt": "5000000",
        "longTermDebtNoncurrent": "None",
        "shortLongTermDebtTotal": "14218593",
        "otherCurrentLiabilities": "35477838",
        "otherNonCurrentLiabilities": "4722000",
        "totalShareholderEquity": "1162453952",
        "treasuryStock": "None",
        "retainedEarnings": "667188409",
        "commonStock": "440876386",
        "commonStockSharesOutstanding": "39548226"
      },
      {
        "fiscalDateEnding": "2022-06-30",
        "reportedCurrency": "CNY",
        "totalAssets": "1471035658",
        "totalCurrentAssets": "679385368",
        "cashAndCashEquivalentsAtCarryingValue": "175489739",
        "cashAndShortTermInvestments": "175489739",
        "inventory": "None",
        "currentNetReceivables": "379630318",
        "totalNonCurrentAssets": "791650284",
        "propertyPlantEquipment": "13305000",
        "accumulatedDepreciationAmortizationPPE": "None",
        "intangibleAssets": "422626678",
        "intangibleAssetsExcludingGoodwill": "422626678",
        "goodwill": "172843088",
        "investments": "None",
        "longTermInvestments": "177324000",
        "shortTermInvestments": "39666269",
        "otherCurrentAssets": "84599039",
        "otherNonCurrentAssets": "None",
        "totalLiabilities": "354322971",
        "totalCurrentLiabilities": "279325580",
        "currentAccountsPayable": "109946583",
        "deferredRevenue": "None",
        "currentDebt": "None",
        "shortTermDebt": "4596462",
        "totalNonCurrentLiabilities": "74997383",
        "capitalLeaseObligations": "10807000",
        "longTermDebt": "None",
        "currentLongTermDebt": "None",
        "longTermDebtNoncurrent": "None",
        "shortLongTermDebtTotal": "10807718",
        "otherCurrentLiabilities": "32377132",
        "otherNonCurrentLiabilities": "6822000",
        "totalShareholderEquity": "1117014205",
        "treasuryStock": "None",
        "retainedEarnings": "626331732",
        "commonStock": "437220113",
        "commonStockSharesOutstanding": "38602936"
      },
      {
        "fiscalDateEnding": "2022-03-31",
        "reportedCurrency": "CNY",
        "totalAssets": "1344536994",
        "totalCurrentAssets": "549612258",
        "cashAndCashEquivalentsAtCarryingValue": "205782218",
        "cashAndShortTermInvestments": "205782218",
        "inventory": "None",
        "currentNetReceivables": "224889886",
        "totalNonCurrentAssets": "794924736",
        "propertyPlantEquipment": "14027000",
        "accumulatedDepreciationAmortizationPPE": "None",
        "intangibleAssets": "425037630",
        "intangibleAssetsExcludingGoodwill": "425037630",
        "goodwill": "173137834",
        "investments": "None",
        "longTermInvestments": "176979000",
        "shortTermInvestments": "39333338",
        "otherCurrentAssets": "79606814",
        "otherNonCurrentAssets": "None",
        "totalLiabilities": "297763281",
        "totalCurrentLiabilities": "219738185",
        "currentAccountsPayable": "61236011",
        "deferredRevenue": "None",
        "currentDebt": "None",
        "shortTermDebt": "4383075.50",
        "totalNonCurrentLiabilities": "78025096",
        "capitalLeaseObligations": "11711000",
        "longTermDebt": "None",
        "currentLongTermDebt": "None",
        "longTermDebtNoncurrent": "None",
        "shortLongTermDebtTotal": "11732667",
        "otherCurrentLiabilities": "59352962",
        "otherNonCurrentLiabilities": "8235000",
        "totalShareholderEquity": "1046773713",
        "treasuryStock": "None",
        "retainedEarnings": "559369365",
        "commonStock": "305868794",
        "commonStockSharesOutstanding": "35612100"
      },
      {
        "fiscalDateEnding": "2021-12-31",
        "reportedCurrency": "CNY",
        "totalAssets": "1089355000",
        "totalCurrentAssets": "652511000",
        "cashAndCashEquivalentsAtCarryingValue": "240947000",
        "cashAndShortTermInvestments": "240947000",
        "inventory": "None",
        "currentNetReceivables": "207366000",
        "totalNonCurrentAssets": "436844000",
        "propertyPlantEquipment": "1674000",
        "accumulatedDepreciationAmortizationPPE": "None",
        "intangibleAssets": "235870000",
        "intangibleAssetsExcludingGoodwill": "235870000",
        "goodwill": "92069000",
        "investments": "None",
        "longTermInvestments": "101727000",
        "shortTermInvestments": "38789000",
        "otherCurrentAssets": "165409000",
        "otherNonCurrentAssets": "None",
        "totalLiabilities": "279910000",
        "totalCurrentLiabilities": "221164000",
        "currentAccountsPayable": "85801000",
        "deferredRevenue": "None",
        "currentDebt": "None",
        "shortTermDebt": "48996000",
        "totalNonCurrentLiabilities": "58746000",
        "capitalLeaseObligations": "None",
        "longTermDebt": "None",
        "currentLongTermDebt": "None",
        "longTermDebtNoncurrent": "None",
        "shortLongTermDebtTotal": "None",
        "otherCurrentLiabilities": "20962000",
        "otherNonCurrentLiabilities": "None",
        "totalShareholderEquity": "809445000",
        "treasuryStock": "None",
        "retainedEarnings": "479199000",
        "commonStock": "153237000",
        "commonStockSharesOutstanding": "30582611"
      },
      {
        "fiscalDateEnding": "2021-09-30",
        "reportedCurrency": "CNY",
        "totalAssets": "1002637163",
        "totalCurrentAssets": "601560359",
        "cashAndCashEquivalentsAtCarryingValue": "292288777",
        "cashAndShortTermInvestments": "292288777",
        "inventory": "None",
        "currentNetReceivables": "241824296",
        "totalNonCurrentAssets": "401076803",
        "propertyPlantEquipment": "1475000",
        "accumulatedDepreciationAmortizationPPE": "None",
        "intangibleAssets": "329216053",
        "intangibleAssetsExcludingGoodwill": "329216053",
        "goodwill": "92069000",
        "investments": "None",
        "longTermInvestments": "53000000",
        "shortTermInvestments": "40663234",
        "otherCurrentAssets": "26784050",
        "otherNonCurrentAssets": "None",
        "totalLiabilities": "273809008",
        "totalCurrentLiabilities": "206548843",
        "currentAccountsPayable": "35462573",
        "deferredRevenue": "None",
        "currentDebt": "None",
        "shortTermDebt": "11485331",
        "totalNonCurrentLiabilities": "67260165",
        "capitalLeaseObligations": "None",
        "longTermDebt": "None",
        "currentLongTermDebt": "11468000",
        "longTermDebtNoncurrent": "None",
        "shortLongTermDebtTotal": "11485331",
        "otherCurrentLiabilities": "77514672",
        "otherNonCurrentLiabilities": "8175000",
        "totalShareholderEquity": "728828154",
        "treasuryStock": "None",
        "retainedEarnings": "550411920",
        "commonStock": "133907348",
        "commonStockSharesOutstanding": "30844642"
      },
      {
        "fiscalDateEnding": "2021-06-30",
        "reportedCurrency": "CNY",
        "totalAssets": "957816097",
        "totalCurrentAssets": "596240407",
        "cashAndCashEquivalentsAtCarryingValue": "287196769",
        "cashAndShortTermInvestments": "287196769",
        "inventory": "1",
        "currentNetReceivables": "243438378",
        "totalNonCurrentAssets": "361575689",
        "propertyPlantEquipment": "1491000",
        "accumulatedDepreciationAmortizationPPE": "None",
        "intangibleAssets": "330198699",
        "intangibleAssetsExcludingGoodwill": "330198699",
        "goodwill": "92069000",
        "investments": "None",
        "longTermInvestments": "23000000",
        "shortTermInvestments": "40622631",
        "otherCurrentAssets": "24982627",
        "otherNonCurrentAssets": "None",
        "totalLiabilities": "316032825",
        "totalCurrentLiabilities": "245268110",
        "currentAccountsPayable": "45853207",
        "deferredRevenue": "None",
        "currentDebt": "None",
        "shortTermDebt": "12329676",
        "totalNonCurrentLiabilities": "70764715",
        "capitalLeaseObligations": "None",
        "longTermDebt": "None",
        "currentLongTermDebt": "12310000",
        "longTermDebtNoncurrent": "None",
        "shortLongTermDebtTotal": "12329676",
        "otherCurrentLiabilities": "106986546.20",
        "otherNonCurrentLiabilities": "11428000",
        "totalShareholderEquity": "641783272",
        "treasuryStock": "None",
        "retainedEarnings": "478736713",
        "commonStock": "121544621",
        "commonStockSharesOutstanding": "30676595"
      },
      {
        "fiscalDateEnding": "2021-03-31",
        "reportedCurrency": "CNY",
        "totalAssets": "875214869",
        "totalCurrentAssets": "522877544",
        "cashAndCashEquivalentsAtCarryingValue": "268537503",
        "cashAndShortTermInvestments": "268537503",
        "inventory": "None",
        "currentNetReceivables": "235068772",
        "totalNonCurrentAssets": "352337325",
        "propertyPlantEquipment": "1423000",
        "accumulatedDepreciationAmortizationPPE": "None",
        "intangibleAssets": "331313527",
        "intangibleAssetsExcludingGoodwill": "331313527",
        "goodwill": "92069000",
        "investments": "None",
        "longTermInvestments": "13000000",
        "shortTermInvestments": "39126000",
        "otherCurrentAssets": "19271267",
        "otherNonCurrentAssets": "None",
        "totalLiabilities": "342924860",
        "totalCurrentLiabilities": "267487298",
        "currentAccountsPayable": "28644350",
        "deferredRevenue": "None",
        "currentDebt": "None",
        "shortTermDebt": "12333348",
        "totalNonCurrentLiabilities": "75437555",
        "capitalLeaseObligations": "None",
        "longTermDebt": "None",
        "currentLongTermDebt": "12310000",
        "longTermDebtNoncurrent": "None",
        "shortLongTermDebtTotal": "12333348",
        "otherCurrentLiabilities": "161544871",
        "otherNonCurrentLiabilities": "15813000",
        "totalShareholderEquity": "532290009",
        "treasuryStock": "None",
        "retainedEarnings": "389363627",
        "commonStock": "105276520",
        "commonStockSharesOutstanding": "30582611"
      },
      {
        "fiscalDateEnding": "2020-12-31",
        "reportedCurrency": "CNY",
        "totalAssets": "811837000",
        "totalCurrentAssets": "466742000",
        "cashAndCashEquivalentsAtCarryingValue": "224768000",
        "cashAndShortTermInvestments": "224768000",
        "inventory": "None",
        "currentNetReceivables": "228221000",
        "totalNonCurrentAssets": "345095000",
        "propertyPlantEquipment": "1356000",
        "accumulatedDepreciationAmortizationPPE": "None",
        "intangibleAssets": "239634000",
        "intangibleAssetsExcludingGoodwill": "239634000",
        "goodwill": "92069000",
        "investments": "None",
        "longTermInvestments": "5000000",
        "shortTermInvestments": "None",
        "otherCurrentAssets": "13753000",
        "otherNonCurrentAssets": "None",
        "totalLiabilities": "352322000",
        "totalCurrentLiabilities": "277477000",
        "currentAccountsPayable": "67089000",
        "deferredRevenue": "None",
        "currentDebt": "None",
        "shortTermDebt": "39080000",
        "totalNonCurrentLiabilities": "74845000",
        "capitalLeaseObligations": "None",
        "longTermDebt": "None",
        "currentLongTermDebt": "None",
        "longTermDebtNoncurrent": "None",
        "shortLongTermDebtTotal": "None",
        "otherCurrentLiabilities": "121741000",
        "otherNonCurrentLiabilities": "15116000",
        "totalShareholderEquity": "459515000",
        "treasuryStock": "None",
        "retainedEarnings": "322610000",
        "commonStock": "-96349000",
        "commonStockSharesOutstanding": "27037302"
      },
      {
        "fiscalDateEnding": "2020-09-30",
        "reportedCurrency": "CNY",
        "totalAssets": "704212727",
        "totalCurrentAssets": "357593003",
        "cashAndCashEquivalentsAtCarryingValue": "166990884",
        "cashAndShortTermInvestments": "166990884",
        "inventory": "1",
        "currentNetReceivables": "182203993",
        "totalNonCurrentAssets": "346619724",
        "propertyPlantEquipment": "1178000",
        "accumulatedDepreciationAmortizationPPE": "None",
        "intangibleAssets": "240678321",
        "intangibleAssetsExcludingGoodwill": "240678321",
        "goodwill": "92121186",
        "investments": "None",
        "longTermInvestments": "5000000",
        "shortTermInvestments": "None",
        "otherCurrentAssets": "8398125.60",
        "otherNonCurrentAssets": "None",
        "totalLiabilities": "373587491",
        "totalCurrentLiabilities": "210517091",
        "currentAccountsPayable": "24949771",
        "deferredRevenue": "None",
        "currentDebt": "None",
        "shortTermDebt": "26483000",
        "totalNonCurrentLiabilities": "163070393",
        "capitalLeaseObligations": "None",
        "longTermDebt": "None",
        "currentLongTermDebt": "None",
        "longTermDebtNoncurrent": "None",
        "shortLongTermDebtTotal": "None",
        "otherCurrentLiabilities": "128327179",
        "otherNonCurrentLiabilities": "102809000",
        "totalShareholderEquity": "330625236",
        "treasuryStock": "None",
        "retainedEarnings": "367207362",
        "commonStock": "-60229000",
        "commonStockSharesOutstanding": "25423076"
      },
      {
        "fiscalDateEnding": "2020-06-30",
        "reportedCurrency": "CNY",
        "totalAssets": "370445432",
        "totalCurrentAssets": "363013656",
        "cashAndCashEquivalentsAtCarryingValue": "190727735",
        "cashAndShortTermInvestments": "190727735",
        "inventory": "1",
        "currentNetReceivables": "115287801",
        "totalNonCurrentAssets": "7431768",
        "propertyPlantEquipment": "658000",
        "accumulatedDepreciationAmortizationPPE": "None",
        "intangibleAssets": "430520",
        "intangibleAssetsExcludingGoodwill": "430520",
        "goodwill": "None",
        "investments": "None",
        "longTermInvestments": "5000000",
        "shortTermInvestments": "None",
        "otherCurrentAssets": "56998118",
        "otherNonCurrentAssets": "None",
        "totalLiabilities": "282633321",
        "totalCurrentLiabilities": "197940721",
        "currentAccountsPayable": "34364022",
        "deferredRevenue": "None",
        "currentDebt": "None",
        "shortTermDebt": "23311000",
        "totalNonCurrentLiabilities": "84692600",
        "capitalLeaseObligations": "None",
        "longTermDebt": "None",
        "currentLongTermDebt": "None",
        "longTermDebtNoncurrent": "None",
        "shortLongTermDebtTotal": "None",
        "otherCurrentLiabilities": "120092213",
        "otherNonCurrentLiabilities": "84781000",
        "totalShareholderEquity": "87812110",
        "treasuryStock": "None",
        "retainedEarnings": "306608385",
        "commonStock": "-235229000",
        "commonStockSharesOutstanding": "21739833"
      },
      {
        "fiscalDateEnding": "2020-03-31",
        "reportedCurrency": "CNY",
        "totalAssets": "307493000",
        "totalCurrentAssets": "295973000",
        "cashAndCashEquivalentsAtCarryingValue": "183407000",
        "cashAndShortTermInvestments": "183407000",
        "inventory": "1",
        "currentNetReceivables": "99971000",
        "totalNonCurrentAssets": "11520000",
        "propertyPlantEquipment": "669000",
        "accumulatedDepreciationAmortizationPPE": "None",
        "intangibleAssets": "427000",
        "intangibleAssetsExcludingGoodwill": "427000",
        "goodwill": "None",
        "investments": "None",
        "longTermInvestments": "5000000",
        "shortTermInvestments": "None",
        "otherCurrentAssets": "12595000",
        "otherNonCurrentAssets": "None",
        "totalLiabilities": "95307000",
        "totalCurrentLiabilities": "95307000",
        "currentAccountsPayable": "25464000",
        "deferredRevenue": "None",
        "currentDebt": "None",
        "shortTermDebt": "2895000",
        "totalNonCurrentLiabilities": "2478140",
        "capitalLeaseObligations": "None",
        "longTermDebt": "1282040",
        "currentLongTermDebt": "None",
        "longTermDebtNoncurrent": "None",
        "shortLongTermDebtTotal": "4177040",
        "otherCurrentLiabilities": "30980000",
        "otherNonCurrentLiabilities": "None",
        "totalShareholderEquity": "212186000",
        "treasuryStock": "None",
        "retainedEarnings": "-12610",
        "commonStock": "55809975",
        "commonStockSharesOutstanding": "23250583"
      },
      {
        "fiscalDateEnding": "2019-12-31",
        "reportedCurrency": "CNY",
        "totalAssets": "279998000",
        "totalCurrentAssets": "269525000",
        "cashAndCashEquivalentsAtCarryingValue": "137351000",
        "cashAndShortTermInvestments": "137351000",
        "inventory": "1",
        "currentNetReceivables": "127153000",
        "totalNonCurrentAssets": "10473000",
        "propertyPlantEquipment": "736000",
        "accumulatedDepreciationAmortizationPPE": "None",
        "intangibleAssets": "195000",
        "intangibleAssetsExcludingGoodwill": "195000",
        "goodwill": "None",
        "investments": "None",
        "longTermInvestments": "None",
        "shortTermInvestments": "None",
        "otherCurrentAssets": "5021000",
        "otherNonCurrentAssets": "None",
        "totalLiabilities": "105472000",
        "totalCurrentLiabilities": "105472000",
        "currentAccountsPayable": "27163000",
        "deferredRevenue": "None",
        "currentDebt": "None",
        "shortTermDebt": "5525000",
        "totalNonCurrentLiabilities": "2478140",
        "capitalLeaseObligations": "None",
        "longTermDebt": "465640",
        "currentLongTermDebt": "None",
        "longTermDebtNoncurrent": "None",
        "shortLongTermDebtTotal": "5990640",
        "otherCurrentLiabilities": "32496000",
        "otherNonCurrentLiabilities": "None",
        "totalShareholderEquity": "174526000",
        "treasuryStock": "None",
        "retainedEarnings": "152803000",
        "commonStock": "9664000",
        "commonStockSharesOutstanding": "2276510"
      },
      {
        "fiscalDateEnding": "2019-09-30",
        "reportedCurrency": "CNY",
        "totalAssets": "417361294",
        "totalCurrentAssets": "1390026",
        "cashAndCashEquivalentsAtCarryingValue": "1205789",
        "cashAndShortTermInvestments": "1205789",
        "inventory": "None",
        "currentNetReceivables": "127153000",
        "totalNonCurrentAssets": "415971268",
        "propertyPlantEquipment": "736000",
        "accumulatedDepreciationAmortizationPPE": "None",
        "intangibleAssets": "None",
        "intangibleAssetsExcludingGoodwill": "None",
        "goodwill": "None",
        "investments": "None",
        "longTermInvestments": "None",
        "shortTermInvestments": "None",
        "otherCurrentAssets": "184237",
        "otherNonCurrentAssets": "None",
        "totalLiabilities": "17997159",
        "totalCurrentLiabilities": "329583",
        "currentAccountsPayable": "329583",
        "deferredRevenue": "None",
        "currentDebt": "None",
        "shortTermDebt": "None",
        "totalNonCurrentLiabilities": "17667575",
        "capitalLeaseObligations": "None",
        "longTermDebt": "465640",
        "currentLongTermDebt": "None",
        "longTermDebtNoncurrent": "None",
        "shortLongTermDebtTotal": "3319725",
        "otherCurrentLiabilities": "46230",
        "otherNonCurrentLiabilities": "None",
        "totalShareholderEquity": "399364135",
        "treasuryStock": "None",
        "retainedEarnings": "1474360",
        "commonStock": "397889775",
        "commonStockSharesOutstanding": "7457500"
      },
      {
        "fiscalDateEnding": "2019-06-30",
        "reportedCurrency": "CNY",
        "totalAssets": "401294171",
        "totalCurrentAssets": "2549572",
        "cashAndCashEquivalentsAtCarryingValue": "2198817",
        "cashAndShortTermInvestments": "2198817",
        "inventory": "1",
        "currentNetReceivables": "128053000",
        "totalNonCurrentAssets": "398744592",
        "propertyPlantEquipment": "None",
        "accumulatedDepreciationAmortizationPPE": "None",
        "intangibleAssets": "202000",
        "intangibleAssetsExcludingGoodwill": "202000",
        "goodwill": "None",
        "investments": "None",
        "longTermInvestments": "None",
        "shortTermInvestments": "None",
        "otherCurrentAssets": "350755",
        "otherNonCurrentAssets": "None",
        "totalLiabilities": "17256021",
        "totalCurrentLiabilities": "227466",
        "currentAccountsPayable": "227466",
        "deferredRevenue": "None",
        "currentDebt": "None",
        "shortTermDebt": "None",
        "totalNonCurrentLiabilities": "17028554",
        "capitalLeaseObligations": "None",
        "longTermDebt": "466470",
        "currentLongTermDebt": "None",
        "longTermDebtNoncurrent": "None",
        "shortLongTermDebtTotal": "3204289",
        "otherCurrentLiabilities": "123382000",
        "otherNonCurrentLiabilities": "None",
        "totalShareholderEquity": "384038150",
        "treasuryStock": "None",
        "retainedEarnings": "668270",
        "commonStock": "383369880",
        "commonStockSharesOutstanding": "7457500"
      },
      {
        "fiscalDateEnding": "2019-03-31",
        "reportedCurrency": "CNY",
        "totalAssets": "391612016",
        "totalCurrentAssets": "3811372",
        "cashAndCashEquivalentsAtCarryingValue": "3618262",
        "cashAndShortTermInvestments": "3618262",
        "inventory": "1",
        "currentNetReceivables": "221377000",
        "totalNonCurrentAssets": "387800643",
        "propertyPlantEquipment": "None",
        "accumulatedDepreciationAmortizationPPE": "None",
        "intangibleAssets": "206000",
        "intangibleAssetsExcludingGoodwill": "206000",
        "goodwill": "None",
        "investments": "None",
        "longTermInvestments": "None",
        "shortTermInvestments": "170588000",
        "otherCurrentAssets": "193109",
        "otherNonCurrentAssets": "None",
        "totalLiabilities": "16591606",
        "totalCurrentLiabilities": "266769",
        "currentAccountsPayable": "266769",
        "deferredRevenue": "None",
        "currentDebt": "None",
        "shortTermDebt": "2681295.50",
        "totalNonCurrentLiabilities": "16324837",
        "capitalLeaseObligations": "None",
        "longTermDebt": "415640",
        "currentLongTermDebt": "None",
        "longTermDebtNoncurrent": "None",
        "shortLongTermDebtTotal": "2681295.50",
        "otherCurrentLiabilities": "88139",
        "otherNonCurrentLiabilities": "None",
        "totalShareholderEquity": "375020410",
        "treasuryStock": "None",
        "retainedEarnings": "-200283",
        "commonStock": "375220693",
        "commonStockSharesOutstanding": "7457500"
      },
      {
        "fiscalDateEnding": "2018-09-30",
        "reportedCurrency": "None",
        "totalAssets": "1118511",
        "totalCurrentAssets": "289223",
        "cashAndCashEquivalentsAtCarryingValue": "289223",
        "cashAndShortTermInvestments": "289223",
        "inventory": "1",
        "currentNetReceivables": "221377000",
        "totalNonCurrentAssets": "829287",
        "propertyPlantEquipment": "None",
        "accumulatedDepreciationAmortizationPPE": "None",
        "intangibleAssets": "206000",
        "intangibleAssetsExcludingGoodwill": "206000",
        "goodwill": "None",
        "investments": "None",
        "longTermInvestments": "None",
        "shortTermInvestments": "20000000",
        "otherCurrentAssets": "41630000",
        "otherNonCurrentAssets": "None",
        "totalLiabilities": "1225186",
        "totalCurrentLiabilities": "1225186",
        "currentAccountsPayable": "81699000",
        "deferredRevenue": "None",
        "currentDebt": "None",
        "shortTermDebt": "1225186",
        "totalNonCurrentLiabilities": "None",
        "capitalLeaseObligations": "None",
        "longTermDebt": "None",
        "currentLongTermDebt": "None",
        "longTermDebtNoncurrent": "None",
        "shortLongTermDebtTotal": "1225186",
        "otherCurrentLiabilities": "181560000",
        "otherNonCurrentLiabilities": "None",
        "totalShareholderEquity": "-106674",
        "treasuryStock": "None",
        "retainedEarnings": "-279241",
        "commonStock": "172566",
        "commonStockSharesOutstanding": "7457500"
      },
      {
        "fiscalDateEnding": "2018-06-30",
        "reportedCurrency": "None",
        "totalAssets": "None",
        "totalCurrentAssets": "None",
        "cashAndCashEquivalentsAtCarryingValue": "None",
        "cashAndShortTermInvestments": "None",
        "inventory": "None",
        "currentNetReceivables": "None",
        "totalNonCurrentAssets": "None",
        "propertyPlantEquipment": "None",
        "accumulatedDepreciationAmortizationPPE": "None",
        "intangibleAssets": "None",
        "intangibleAssetsExcludingGoodwill": "None",
        "goodwill": "None",
        "investments": "None",
        "longTermInvestments": "None",
        "shortTermInvestments": "None",
        "otherCurrentAssets": "None",
        "otherNonCurrentAssets": "None",
        "totalLiabilities": "None",
        "totalCurrentLiabilities": "None",
        "currentAccountsPayable": "None",
        "deferredRevenue": "None",
        "currentDebt": "None",
        "shortTermDebt": "None",
        "totalNonCurrentLiabilities": "None",
        "capitalLeaseObligations": "None",
        "longTermDebt": "None",
        "currentLongTermDebt": "None",
        "longTermDebtNoncurrent": "None",
        "shortLongTermDebtTotal": "None",
        "otherCurrentLiabilities": "None",
        "otherNonCurrentLiabilities": "None",
        "totalShareholderEquity": "None",
        "treasuryStock": "None",
        "retainedEarnings": "None",
        "commonStock": "None",
        "commonStockSharesOutstanding": "100000"
      },
      {
        "fiscalDateEnding": "2018-03-31",
        "reportedCurrency": "None",
        "totalAssets": "None",
        "totalCurrentAssets": "None",
        "cashAndCashEquivalentsAtCarryingValue": "None",
        "cashAndShortTermInvestments": "None",
        "inventory": "None",
        "currentNetReceivables": "None",
        "totalNonCurrentAssets": "None",
        "propertyPlantEquipment": "None",
        "accumulatedDepreciationAmortizationPPE": "None",
        "intangibleAssets": "None",
        "intangibleAssetsExcludingGoodwill": "None",
        "goodwill": "None",
        "investments": "None",
        "longTermInvestments": "None",
        "shortTermInvestments": "None",
        "otherCurrentAssets": "None",
        "otherNonCurrentAssets": "None",
        "totalLiabilities": "None",
        "totalCurrentLiabilities": "None",
        "currentAccountsPayable": "None",
        "deferredRevenue": "None",
        "currentDebt": "None",
        "shortTermDebt": "None",
        "totalNonCurrentLiabilities": "None",
        "capitalLeaseObligations": "None",
        "longTermDebt": "None",
        "currentLongTermDebt": "None",
        "longTermDebtNoncurrent": "None",
        "shortLongTermDebtTotal": "None",
        "otherCurrentLiabilities": "None",
        "otherNonCurrentLiabilities": "None",
        "totalShareholderEquity": "None",
        "treasuryStock": "None",
        "retainedEarnings": "None",
        "commonStock": "None",
        "commonStockSharesOutstanding": "100000"
      }
    ]
  },
  "cashFlow": {
    "symbol": "SJ",
    "annualReports": [
      {
        "fiscalDateEnding": "2024-12-31",
        "reportedCurrency": "CNY",
        "operatingCashflow": "68716000",
        "paymentsForOperatingActivities": "None",
        "proceedsFromOperatingActivities": "None",
        "changeInOperatingLiabilities": "None",
        "changeInOperatingAssets": "None",
        "depreciationDepletionAndAmortization": "15408000",
        "capitalExpenditures": "988000",
        "changeInReceivables": "None",
        "changeInInventory": "None",
        "profitLoss": "None",
        "cashflowFromInvestment": "-20044000",
        "cashflowFromFinancing": "-136000",
        "proceedsFromRepaymentsOfShortTermDebt": "None",
        "paymentsForRepurchaseOfCommonStock": "None",
        "paymentsForRepurchaseOfEquity": "None",
        "paymentsForRepurchaseOfPreferredStock": "None",
        "dividendPayout": "None",
        "dividendPayoutCommonStock": "None",
        "dividendPayoutPreferredStock": "None",
        "proceedsFromIssuanceOfCommonStock": "None",
        "proceedsFromIssuanceOfLongTermDebtAndCapitalSecuritiesNet": "None",
        "proceedsFromIssuanceOfPreferredStock": "None",
        "proceedsFromRepurchaseOfEquity": "-736000",
        "proceedsFromSaleOfTreasuryStock": "None",
        "changeInCashAndCashEquivalents": "None",
        "changeInExchangeRate": "None",
        "netIncome": "26683000"
      },
      {
        "fiscalDateEnding": "2023-12-31",
        "reportedCurrency": "CNY",
        "operatingCashflow": "102694000",
        "paymentsForOperatingActivities": "None",
        "proceedsFromOperatingActivities": "None",
        "changeInOperatingLiabilities": "None",
        "changeInOperatingAssets": "None",
        "depreciationDepletionAndAmortization": "15253000",
        "capitalExpenditures": "493000",
        "changeInReceivables": "None",
        "changeInInventory": "None",
        "profitLoss": "None",
        "cashflowFromInvestment": "-67190000",
        "cashflowFromFinancing": "-5223000",
        "proceedsFromRepaymentsOfShortTermDebt": "None",
        "paymentsForRepurchaseOfCommonStock": "None",
        "paymentsForRepurchaseOfEquity": "None",
        "paymentsForRepurchaseOfPreferredStock": "None",
        "dividendPayout": "None",
        "dividendPayoutCommonStock": "None",
        "dividendPayoutPreferredStock": "None",
        "proceedsFromIssuanceOfCommonStock": "None",
        "proceedsFromIssuanceOfLongTermDebtAndCapitalSecuritiesNet": "None",
        "proceedsFromIssuanceOfPreferredStock": "None",
        "proceedsFromRepurchaseOfEquity": "-2734000",
        "proceedsFromSaleOfTreasuryStock": "None",
        "changeInCashAndCashEquivalents": "None",
        "changeInExchangeRate": "None",
        "netIncome": "-34976000"
      },
      {
        "fiscalDateEnding": "2022-12-31",
        "reportedCurrency": "CNY",
        "operatingCashflow": "57551000",
        "paymentsForOperatingActivities": "None",
        "proceedsFromOperatingActivities": "None",
        "changeInOperatingLiabilities": "None",
        "changeInOperatingAssets": "None",
        "depreciationDepletionAndAmortization": "14452000",
        "capitalExpenditures": "2153000",
        "changeInReceivables": "None",
        "changeInInventory": "None",
        "profitLoss": "None",
        "cashflowFromInvestment": "-113246000",
        "cashflowFromFinancing": "-11482000",
        "proceedsFromRepaymentsOfShortTermDebt": "None",
        "paymentsForRepurchaseOfCommonStock": "None",
        "paymentsForRepurchaseOfEquity": "None",
        "paymentsForRepurchaseOfPreferredStock": "None",
        "dividendPayout": "None",
        "dividendPayoutCommonStock": "None",
        "dividendPayoutPreferredStock": "None",
        "proceedsFromIssuanceOfCommonStock": "None",
        "proceedsFromIssuanceOfLongTermDebtAndCapitalSecuritiesNet": "None",
        "proceedsFromIssuanceOfPreferredStock": "None",
        "proceedsFromRepurchaseOfEquity": "-16482000",
        "proceedsFromSaleOfTreasuryStock": "None",
        "changeInCashAndCashEquivalents": "None",
        "changeInExchangeRate": "None",
        "netIncome": "195225000"
      },
      {
        "fiscalDateEnding": "2021-12-31",
        "reportedCurrency": "CNY",
        "operatingCashflow": "116301000",
        "paymentsForOperatingActivities": "None",
        "proceedsFromOperatingActivities": "None",
        "changeInOperatingLiabilities": "None",
        "changeInOperatingAssets": "None",
        "depreciationDepletionAndAmortization": "4835000",
        "capitalExpenditures": "1389000",
        "changeInReceivables": "None",
        "changeInInventory": "-141509000",
        "profitLoss": "None",
        "cashflowFromInvestment": "-115124000",
        "cashflowFromFinancing": "15284000",
        "proceedsFromRepaymentsOfShortTermDebt": "None",
        "paymentsForRepurchaseOfCommonStock": "None",
        "paymentsForRepurchaseOfEquity": "None",
        "paymentsForRepurchaseOfPreferredStock": "None",
        "dividendPayout": "0",
        "dividendPayoutCommonStock": "0",
        "dividendPayoutPreferredStock": "None",
        "proceedsFromIssuanceOfCommonStock": "None",
        "proceedsFromIssuanceOfLongTermDebtAndCapitalSecuritiesNet": "None",
        "proceedsFromIssuanceOfPreferredStock": "None",
        "proceedsFromRepurchaseOfEquity": "0",
        "proceedsFromSaleOfTreasuryStock": "None",
        "changeInCashAndCashEquivalents": "None",
        "changeInExchangeRate": "None",
        "netIncome": "170012000"
      },
      {
        "fiscalDateEnding": "2020-12-31",
        "reportedCurrency": "CNY",
        "operatingCashflow": "155441000",
        "paymentsForOperatingActivities": "None",
        "proceedsFromOperatingActivities": "None",
        "changeInOperatingLiabilities": "None",
        "changeInOperatingAssets": "None",
        "depreciationDepletionAndAmortization": "2304000",
        "capitalExpenditures": "1086000",
        "changeInReceivables": "None",
        "changeInInventory": "13894000",
        "profitLoss": "None",
        "cashflowFromInvestment": "-40934000",
        "cashflowFromFinancing": "-23332000",
        "proceedsFromRepaymentsOfShortTermDebt": "None",
        "paymentsForRepurchaseOfCommonStock": "None",
        "paymentsForRepurchaseOfEquity": "None",
        "paymentsForRepurchaseOfPreferredStock": "None",
        "dividendPayout": "0",
        "dividendPayoutCommonStock": "0",
        "dividendPayoutPreferredStock": "None",
        "proceedsFromIssuanceOfCommonStock": "None",
        "proceedsFromIssuanceOfLongTermDebtAndCapitalSecuritiesNet": "None",
        "proceedsFromIssuanceOfPreferredStock": "None",
        "proceedsFromRepurchaseOfEquity": "0",
        "proceedsFromSaleOfTreasuryStock": "None",
        "changeInCashAndCashEquivalents": "None",
        "changeInExchangeRate": "None",
        "netIncome": "176100000"
      },
      {
        "fiscalDateEnding": "2019-12-31",
        "reportedCurrency": "CNY",
        "operatingCashflow": "228886000",
        "paymentsForOperatingActivities": "None",
        "proceedsFromOperatingActivities": "None",
        "changeInOperatingLiabilities": "None",
        "changeInOperatingAssets": "None",
        "depreciationDepletionAndAmortization": "681000",
        "capitalExpenditures": "457000",
        "changeInReceivables": "None",
        "changeInInventory": "29837000",
        "profitLoss": "None",
        "cashflowFromInvestment": "-5457000",
        "cashflowFromFinancing": "-151372000",
        "proceedsFromRepaymentsOfShortTermDebt": "None",
        "paymentsForRepurchaseOfCommonStock": "None",
        "paymentsForRepurchaseOfEquity": "None",
        "paymentsForRepurchaseOfPreferredStock": "None",
        "dividendPayout": "104590000",
        "dividendPayoutCommonStock": "104590000",
        "dividendPayoutPreferredStock": "None",
        "proceedsFromIssuanceOfCommonStock": "None",
        "proceedsFromIssuanceOfLongTermDebtAndCapitalSecuritiesNet": "None",
        "proceedsFromIssuanceOfPreferredStock": "None",
        "proceedsFromRepurchaseOfEquity": "399560358",
        "proceedsFromSaleOfTreasuryStock": "None",
        "changeInCashAndCashEquivalents": "None",
        "changeInExchangeRate": "None",
        "netIncome": "149918000"
      },
      {
        "fiscalDateEnding": "2018-12-31",
        "reportedCurrency": "CNY",
        "operatingCashflow": "107286000",
        "paymentsForOperatingActivities": "None",
        "proceedsFromOperatingActivities": "None",
        "changeInOperatingLiabilities": "None",
        "changeInOperatingAssets": "None",
        "depreciationDepletionAndAmortization": "1191000",
        "capitalExpenditures": "553000",
        "changeInReceivables": "None",
        "changeInInventory": "-23185000",
        "profitLoss": "None",
        "cashflowFromInvestment": "-553000",
        "cashflowFromFinancing": "-170886000",
        "proceedsFromRepaymentsOfShortTermDebt": "None",
        "paymentsForRepurchaseOfCommonStock": "None",
        "paymentsForRepurchaseOfEquity": "None",
        "paymentsForRepurchaseOfPreferredStock": "None",
        "dividendPayout": "228500000",
        "dividendPayoutCommonStock": "228500000",
        "dividendPayoutPreferredStock": "None",
        "proceedsFromIssuanceOfCommonStock": "None",
        "proceedsFromIssuanceOfLongTermDebtAndCapitalSecuritiesNet": "None",
        "proceedsFromIssuanceOfPreferredStock": "None",
        "proceedsFromRepurchaseOfEquity": "-10000000",
        "proceedsFromSaleOfTreasuryStock": "None",
        "changeInCashAndCashEquivalents": "None",
        "changeInExchangeRate": "None",
        "netIncome": "106740000"
      }
    ],
    "quarterlyReports": [
      {
        "fiscalDateEnding": "2025-09-30",
        "reportedCurrency": "None",
        "operatingCashflow": "None",
        "paymentsForOperatingActivities": "None",
        "proceedsFromOperatingActivities": "None",
        "changeInOperatingLiabilities": "None",
        "changeInOperatingAssets": "None",
        "depreciationDepletionAndAmortization": "None",
        "capitalExpenditures": "0",
        "changeInReceivables": "None",
        "changeInInventory": "None",
        "profitLoss": "None",
        "cashflowFromInvestment": "None",
        "cashflowFromFinancing": "None",
        "proceedsFromRepaymentsOfShortTermDebt": "None",
        "paymentsForRepurchaseOfCommonStock": "None",
        "paymentsForRepurchaseOfEquity": "None",
        "paymentsForRepurchaseOfPreferredStock": "None",
        "dividendPayout": "None",
        "dividendPayoutCommonStock": "None",
        "dividendPayoutPreferredStock": "None",
        "proceedsFromIssuanceOfCommonStock": "None",
        "proceedsFromIssuanceOfLongTermDebtAndCapitalSecuritiesNet": "None",
        "proceedsFromIssuanceOfPreferredStock": "None",
        "proceedsFromRepurchaseOfEquity": "None",
        "proceedsFromSaleOfTreasuryStock": "None",
        "changeInCashAndCashEquivalents": "None",
        "changeInExchangeRate": "None",
        "netIncome": "6749000"
      },
      {
        "fiscalDateEnding": "2025-06-30",
        "reportedCurrency": "CNY",
        "operatingCashflow": "None",
        "paymentsForOperatingActivities": "None",
        "proceedsFromOperatingActivities": "None",
        "changeInOperatingLiabilities": "None",
        "changeInOperatingAssets": "None",
        "depreciationDepletionAndAmortization": "None",
        "capitalExpenditures": "0",
        "changeInReceivables": "None",
        "changeInInventory": "None",
        "profitLoss": "None",
        "cashflowFromInvestment": "None",
        "cashflowFromFinancing": "None",
        "proceedsFromRepaymentsOfShortTermDebt": "None",
        "paymentsForRepurchaseOfCommonStock": "None",
        "paymentsForRepurchaseOfEquity": "None",
        "paymentsForRepurchaseOfPreferredStock": "None",
        "dividendPayout": "None",
        "dividendPayoutCommonStock": "None",
        "dividendPayoutPreferredStock": "None",
        "proceedsFromIssuanceOfCommonStock": "None",
        "proceedsFromIssuanceOfLongTermDebtAndCapitalSecuritiesNet": "None",
        "proceedsFromIssuanceOfPreferredStock": "None",
        "proceedsFromRepurchaseOfEquity": "None",
        "proceedsFromSaleOfTreasuryStock": "None",
        "changeInCashAndCashEquivalents": "None",
        "changeInExchangeRate": "None",
        "netIncome": "22583000"
      },
      {
        "fiscalDateEnding": "2025-03-31",
        "reportedCurrency": "CNY",
        "operatingCashflow": "None",
        "paymentsForOperatingActivities": "None",
        "proceedsFromOperatingActivities": "None",
        "changeInOperatingLiabilities": "None",
        "changeInOperatingAssets": "None",
        "depreciationDepletionAndAmortization": "None",
        "capitalExpenditures": "0",
        "changeInReceivables": "None",
        "changeInInventory": "None",
        "profitLoss": "None",
        "cashflowFromInvestment": "None",
        "cashflowFromFinancing": "None",
        "proceedsFromRepaymentsOfShortTermDebt": "None",
        "paymentsForRepurchaseOfCommonStock": "None",
        "paymentsForRepurchaseOfEquity": "None",
        "paymentsForRepurchaseOfPreferredStock": "None",
        "dividendPayout": "None",
        "dividendPayoutCommonStock": "None",
        "dividendPayoutPreferredStock": "None",
        "proceedsFromIssuanceOfCommonStock": "None",
        "proceedsFromIssuanceOfLongTermDebtAndCapitalSecuritiesNet": "None",
        "proceedsFromIssuanceOfPreferredStock": "None",
        "proceedsFromRepurchaseOfEquity": "None",
        "proceedsFromSaleOfTreasuryStock": "None",
        "changeInCashAndCashEquivalents": "None",
        "changeInExchangeRate": "None",
        "netIncome": "-9090000"
      },
      {
        "fiscalDateEnding": "2024-12-31",
        "reportedCurrency": "CNY",
        "operatingCashflow": "None",
        "paymentsForOperatingActivities": "None",
        "proceedsFromOperatingActivities": "None",
        "changeInOperatingLiabilities": "None",
        "changeInOperatingAssets": "None",
        "depreciationDepletionAndAmortization": "None",
        "capitalExpenditures": "0",
        "changeInReceivables": "None",
        "changeInInventory": "None",
        "profitLoss": "None",
        "cashflowFromInvestment": "None",
        "cashflowFromFinancing": "None",
        "proceedsFromRepaymentsOfShortTermDebt": "None",
        "paymentsForRepurchaseOfCommonStock": "None",
        "paymentsForRepurchaseOfEquity": "None",
        "paymentsForRepurchaseOfPreferredStock": "None",
        "dividendPayout": "None",
        "dividendPayoutCommonStock": "None",
        "dividendPayoutPreferredStock": "None",
        "proceedsFromIssuanceOfCommonStock": "None",
        "proceedsFromIssuanceOfLongTermDebtAndCapitalSecuritiesNet": "None",
        "proceedsFromIssuanceOfPreferredStock": "None",
        "proceedsFromRepurchaseOfEquity": "None",
        "proceedsFromSaleOfTreasuryStock": "None",
        "changeInCashAndCashEquivalents": "None",
        "changeInExchangeRate": "None",
        "netIncome": "-3006000"
      },
      {
        "fiscalDateEnding": "2024-09-30",
        "reportedCurrency": "CNY",
        "operatingCashflow": "None",
        "paymentsForOperatingActivities": "None",
        "proceedsFromOperatingActivities": "None",
        "changeInOperatingLiabilities": "None",
        "changeInOperatingAssets": "None",
        "depreciationDepletionAndAmortization": "None",
        "capitalExpenditures": "0",
        "changeInReceivables": "None",
        "changeInInventory": "None",
        "profitLoss": "None",
        "cashflowFromInvestment": "None",
        "cashflowFromFinancing": "None",
        "proceedsFromRepaymentsOfShortTermDebt": "None",
        "paymentsForRepurchaseOfCommonStock": "None",
        "paymentsForRepurchaseOfEquity": "None",
        "paymentsForRepurchaseOfPreferredStock": "None",
        "dividendPayout": "None",
        "dividendPayoutCommonStock": "None",
        "dividendPayoutPreferredStock": "None",
        "proceedsFromIssuanceOfCommonStock": "None",
        "proceedsFromIssuanceOfLongTermDebtAndCapitalSecuritiesNet": "None",
        "proceedsFromIssuanceOfPreferredStock": "None",
        "proceedsFromRepurchaseOfEquity": "None",
        "proceedsFromSaleOfTreasuryStock": "None",
        "changeInCashAndCashEquivalents": "None",
        "changeInExchangeRate": "None",
        "netIncome": "771000"
      },
      {
        "fiscalDateEnding": "2024-06-30",
        "reportedCurrency": "CNY",
        "operatingCashflow": "None",
        "paymentsForOperatingActivities": "None",
        "proceedsFromOperatingActivities": "None",
        "changeInOperatingLiabilities": "None",
        "changeInOperatingAssets": "None",
        "depreciationDepletionAndAmortization": "None",
        "capitalExpenditures": "0",
        "changeInReceivables": "None",
        "changeInInventory": "None",
        "profitLoss": "None",
        "cashflowFromInvestment": "None",
        "cashflowFromFinancing": "None",
        "proceedsFromRepaymentsOfShortTermDebt": "None",
        "paymentsForRepurchaseOfCommonStock": "None",
        "paymentsForRepurchaseOfEquity": "None",
        "paymentsForRepurchaseOfPreferredStock": "None",
        "dividendPayout": "None",
        "dividendPayoutCommonStock": "None",
        "dividendPayoutPreferredStock": "None",
        "proceedsFromIssuanceOfCommonStock": "None",
        "proceedsFromIssuanceOfLongTermDebtAndCapitalSecuritiesNet": "None",
        "proceedsFromIssuanceOfPreferredStock": "None",
        "proceedsFromRepurchaseOfEquity": "None",
        "proceedsFromSaleOfTreasuryStock": "None",
        "changeInCashAndCashEquivalents": "None",
        "changeInExchangeRate": "None",
        "netIncome": "35340000"
      },
      {
        "fiscalDateEnding": "2024-03-31",
        "reportedCurrency": "CNY",
        "operatingCashflow": "None",
        "paymentsForOperatingActivities": "None",
        "proceedsFromOperatingActivities": "None",
        "changeInOperatingLiabilities": "None",
        "changeInOperatingAssets": "None",
        "depreciationDepletionAndAmortization": "None",
        "capitalExpenditures": "0",
        "changeInReceivables": "None",
        "changeInInventory": "None",
        "profitLoss": "None",
        "cashflowFromInvestment": "None",
        "cashflowFromFinancing": "None",
        "proceedsFromRepaymentsOfShortTermDebt": "None",
        "paymentsForRepurchaseOfCommonStock": "None",
        "paymentsForRepurchaseOfEquity": "None",
        "paymentsForRepurchaseOfPreferredStock": "None",
        "dividendPayout": "None",
        "dividendPayoutCommonStock": "None",
        "dividendPayoutPreferredStock": "None",
        "proceedsFromIssuanceOfCommonStock": "None",
        "proceedsFromIssuanceOfLongTermDebtAndCapitalSecuritiesNet": "None",
        "proceedsFromIssuanceOfPreferredStock": "None",
        "proceedsFromRepurchaseOfEquity": "None",
        "proceedsFromSaleOfTreasuryStock": "None",
        "changeInCashAndCashEquivalents": "None",
        "changeInExchangeRate": "None",
        "netIncome": "6580000"
      },
      {
        "fiscalDateEnding": "2023-12-31",
        "reportedCurrency": "CNY",
        "operatingCashflow": "None",
        "paymentsForOperatingActivities": "None",
        "proceedsFromOperatingActivities": "None",
        "changeInOperatingLiabilities": "None",
        "changeInOperatingAssets": "None",
        "depreciationDepletionAndAmortization": "None",
        "capitalExpenditures": "0",
        "changeInReceivables": "None",
        "changeInInventory": "None",
        "profitLoss": "None",
        "cashflowFromInvestment": "None",
        "cashflowFromFinancing": "None",
        "proceedsFromRepaymentsOfShortTermDebt": "None",
        "paymentsForRepurchaseOfCommonStock": "None",
        "paymentsForRepurchaseOfEquity": "None",
        "paymentsForRepurchaseOfPreferredStock": "None",
        "dividendPayout": "None",
        "dividendPayoutCommonStock": "None",
        "dividendPayoutPreferredStock": "None",
        "proceedsFromIssuanceOfCommonStock": "None",
        "proceedsFromIssuanceOfLongTermDebtAndCapitalSecuritiesNet": "None",
        "proceedsFromIssuanceOfPreferredStock": "None",
        "proceedsFromRepurchaseOfEquity": "None",
        "proceedsFromSaleOfTreasuryStock": "None",
        "changeInCashAndCashEquivalents": "None",
        "changeInExchangeRate": "None",
        "netIncome": "3952000"
      },
      {
        "fiscalDateEnding": "2023-09-30",
        "reportedCurrency": "CNY",
        "operatingCashflow": "None",
        "paymentsForOperatingActivities": "None",
        "proceedsFromOperatingActivities": "None",
        "changeInOperatingLiabilities": "None",
        "changeInOperatingAssets": "None",
        "depreciationDepletionAndAmortization": "None",
        "capitalExpenditures": "0",
        "changeInReceivables": "None",
        "changeInInventory": "None",
        "profitLoss": "None",
        "cashflowFromInvestment": "None",
        "cashflowFromFinancing": "None",
        "proceedsFromRepaymentsOfShortTermDebt": "None",
        "paymentsForRepurchaseOfCommonStock": "None",
        "paymentsForRepurchaseOfEquity": "None",
        "paymentsForRepurchaseOfPreferredStock": "None",
        "dividendPayout": "None",
        "dividendPayoutCommonStock": "None",
        "dividendPayoutPreferredStock": "None",
        "proceedsFromIssuanceOfCommonStock": "None",
        "proceedsFromIssuanceOfLongTermDebtAndCapitalSecuritiesNet": "None",
        "proceedsFromIssuanceOfPreferredStock": "None",
        "proceedsFromRepurchaseOfEquity": "None",
        "proceedsFromSaleOfTreasuryStock": "None",
        "changeInCashAndCashEquivalents": "None",
        "changeInExchangeRate": "None",
        "netIncome": "-16010000"
      },
      {
        "fiscalDateEnding": "2023-06-30",
        "reportedCurrency": "CNY",
        "operatingCashflow": "None",
        "paymentsForOperatingActivities": "None",
        "proceedsFromOperatingActivities": "None",
        "changeInOperatingLiabilities": "None",
        "changeInOperatingAssets": "None",
        "depreciationDepletionAndAmortization": "None",
        "capitalExpenditures": "0",
        "changeInReceivables": "None",
        "changeInInventory": "None",
        "profitLoss": "None",
        "cashflowFromInvestment": "None",
        "cashflowFromFinancing": "None",
        "proceedsFromRepaymentsOfShortTermDebt": "None",
        "paymentsForRepurchaseOfCommonStock": "None",
        "paymentsForRepurchaseOfEquity": "None",
        "paymentsForRepurchaseOfPreferredStock": "None",
        "dividendPayout": "None",
        "dividendPayoutCommonStock": "None",
        "dividendPayoutPreferredStock": "None",
        "proceedsFromIssuanceOfCommonStock": "None",
        "proceedsFromIssuanceOfLongTermDebtAndCapitalSecuritiesNet": "None",
        "proceedsFromIssuanceOfPreferredStock": "None",
        "proceedsFromRepurchaseOfEquity": "None",
        "proceedsFromSaleOfTreasuryStock": "None",
        "changeInCashAndCashEquivalents": "None",
        "changeInExchangeRate": "None",
        "netIncome": "11687000"
      },
      {
        "fiscalDateEnding": "2023-03-31",
        "reportedCurrency": "CNY",
        "operatingCashflow": "9966660",
        "paymentsForOperatingActivities": "None",
        "proceedsFromOperatingActivities": "None",
        "changeInOperatingLiabilities": "None",
        "changeInOperatingAssets": "None",
        "depreciationDepletionAndAmortization": "8187000",
        "capitalExpenditures": "2153000",
        "changeInReceivables": "None",
        "changeInInventory": "None",
        "profitLoss": "None",
        "cashflowFromInvestment": "-113215000",
        "cashflowFromFinancing": "-9676170",
        "proceedsFromRepaymentsOfShortTermDebt": "None",
        "paymentsForRepurchaseOfCommonStock": "None",
        "paymentsForRepurchaseOfEquity": "None",
        "paymentsForRepurchaseOfPreferredStock": "None",
        "dividendPayout": "None",
        "dividendPayoutCommonStock": "None",
        "dividendPayoutPreferredStock": "None",
        "proceedsFromIssuanceOfCommonStock": "None",
        "proceedsFromIssuanceOfLongTermDebtAndCapitalSecuritiesNet": "None",
        "proceedsFromIssuanceOfPreferredStock": "None",
        "proceedsFromRepurchaseOfEquity": "None",
        "proceedsFromSaleOfTreasuryStock": "None",
        "changeInCashAndCashEquivalents": "None",
        "changeInExchangeRate": "None",
        "netIncome": "-458000"
      },
      {
        "fiscalDateEnding": "2022-12-31",
        "reportedCurrency": "CNY",
        "operatingCashflow": "None",
        "paymentsForOperatingActivities": "None",
        "proceedsFromOperatingActivities": "None",
        "changeInOperatingLiabilities": "None",
        "changeInOperatingAssets": "None",
        "depreciationDepletionAndAmortization": "None",
        "capitalExpenditures": "0",
        "changeInReceivables": "None",
        "changeInInventory": "None",
        "profitLoss": "None",
        "cashflowFromInvestment": "None",
        "cashflowFromFinancing": "None",
        "proceedsFromRepaymentsOfShortTermDebt": "None",
        "paymentsForRepurchaseOfCommonStock": "None",
        "paymentsForRepurchaseOfEquity": "None",
        "paymentsForRepurchaseOfPreferredStock": "None",
        "dividendPayout": "None",
        "dividendPayoutCommonStock": "None",
        "dividendPayoutPreferredStock": "None",
        "proceedsFromIssuanceOfCommonStock": "None",
        "proceedsFromIssuanceOfLongTermDebtAndCapitalSecuritiesNet": "None",
        "proceedsFromIssuanceOfPreferredStock": "None",
        "proceedsFromRepurchaseOfEquity": "None",
        "proceedsFromSaleOfTreasuryStock": "None",
        "changeInCashAndCashEquivalents": "None",
        "changeInExchangeRate": "None",
        "netIncome": "3971000"
      },
      {
        "fiscalDateEnding": "2022-09-30",
        "reportedCurrency": "CNY",
        "operatingCashflow": "None",
        "paymentsForOperatingActivities": "None",
        "proceedsFromOperatingActivities": "None",
        "changeInOperatingLiabilities": "None",
        "changeInOperatingAssets": "None",
        "depreciationDepletionAndAmortization": "None",
        "capitalExpenditures": "0",
        "changeInReceivables": "None",
        "changeInInventory": "None",
        "profitLoss": "None",
        "cashflowFromInvestment": "None",
        "cashflowFromFinancing": "None",
        "proceedsFromRepaymentsOfShortTermDebt": "None",
        "paymentsForRepurchaseOfCommonStock": "None",
        "paymentsForRepurchaseOfEquity": "None",
        "paymentsForRepurchaseOfPreferredStock": "None",
        "dividendPayout": "None",
        "dividendPayoutCommonStock": "None",
        "dividendPayoutPreferredStock": "None",
        "proceedsFromIssuanceOfCommonStock": "None",
        "proceedsFromIssuanceOfLongTermDebtAndCapitalSecuritiesNet": "None",
        "proceedsFromIssuanceOfPreferredStock": "None",
        "proceedsFromRepurchaseOfEquity": "None",
        "proceedsFromSaleOfTreasuryStock": "None",
        "changeInCashAndCashEquivalents": "None",
        "changeInExchangeRate": "None",
        "netIncome": "4090000"
      },
      {
        "fiscalDateEnding": "2022-06-30",
        "reportedCurrency": "CNY",
        "operatingCashflow": "None",
        "paymentsForOperatingActivities": "None",
        "proceedsFromOperatingActivities": "None",
        "changeInOperatingLiabilities": "None",
        "changeInOperatingAssets": "None",
        "depreciationDepletionAndAmortization": "None",
        "capitalExpenditures": "0",
        "changeInReceivables": "None",
        "changeInInventory": "None",
        "profitLoss": "None",
        "cashflowFromInvestment": "None",
        "cashflowFromFinancing": "None",
        "proceedsFromRepaymentsOfShortTermDebt": "None",
        "paymentsForRepurchaseOfCommonStock": "None",
        "paymentsForRepurchaseOfEquity": "None",
        "paymentsForRepurchaseOfPreferredStock": "None",
        "dividendPayout": "None",
        "dividendPayoutCommonStock": "None",
        "dividendPayoutPreferredStock": "None",
        "proceedsFromIssuanceOfCommonStock": "None",
        "proceedsFromIssuanceOfLongTermDebtAndCapitalSecuritiesNet": "None",
        "proceedsFromIssuanceOfPreferredStock": "None",
        "proceedsFromRepurchaseOfEquity": "None",
        "proceedsFromSaleOfTreasuryStock": "None",
        "changeInCashAndCashEquivalents": "None",
        "changeInExchangeRate": "None",
        "netIncome": "67674000"
      },
      {
        "fiscalDateEnding": "2022-03-31",
        "reportedCurrency": "CNY",
        "operatingCashflow": "68716660",
        "paymentsForOperatingActivities": "None",
        "proceedsFromOperatingActivities": "None",
        "changeInOperatingLiabilities": "None",
        "changeInOperatingAssets": "None",
        "depreciationDepletionAndAmortization": "4835000",
        "capitalExpenditures": "1389000",
        "changeInReceivables": "None",
        "changeInInventory": "None",
        "profitLoss": "None",
        "cashflowFromInvestment": "-115093000",
        "cashflowFromFinancing": "17089830",
        "proceedsFromRepaymentsOfShortTermDebt": "None",
        "paymentsForRepurchaseOfCommonStock": "None",
        "paymentsForRepurchaseOfEquity": "None",
        "paymentsForRepurchaseOfPreferredStock": "None",
        "dividendPayout": "None",
        "dividendPayoutCommonStock": "None",
        "dividendPayoutPreferredStock": "None",
        "proceedsFromIssuanceOfCommonStock": "None",
        "proceedsFromIssuanceOfLongTermDebtAndCapitalSecuritiesNet": "None",
        "proceedsFromIssuanceOfPreferredStock": "None",
        "proceedsFromRepurchaseOfEquity": "None",
        "proceedsFromSaleOfTreasuryStock": "None",
        "changeInCashAndCashEquivalents": "None",
        "changeInExchangeRate": "None",
        "netIncome": "41221000"
      },
      {
        "fiscalDateEnding": "2021-12-31",
        "reportedCurrency": "CNY",
        "operatingCashflow": "None",
        "paymentsForOperatingActivities": "None",
        "proceedsFromOperatingActivities": "None",
        "changeInOperatingLiabilities": "None",
        "changeInOperatingAssets": "None",
        "depreciationDepletionAndAmortization": "None",
        "capitalExpenditures": "0",
        "changeInReceivables": "None",
        "changeInInventory": "None",
        "profitLoss": "None",
        "cashflowFromInvestment": "None",
        "cashflowFromFinancing": "None",
        "proceedsFromRepaymentsOfShortTermDebt": "None",
        "paymentsForRepurchaseOfCommonStock": "None",
        "paymentsForRepurchaseOfEquity": "None",
        "paymentsForRepurchaseOfPreferredStock": "None",
        "dividendPayout": "None",
        "dividendPayoutCommonStock": "None",
        "dividendPayoutPreferredStock": "None",
        "proceedsFromIssuanceOfCommonStock": "None",
        "proceedsFromIssuanceOfLongTermDebtAndCapitalSecuritiesNet": "None",
        "proceedsFromIssuanceOfPreferredStock": "None",
        "proceedsFromRepurchaseOfEquity": "None",
        "proceedsFromSaleOfTreasuryStock": "None",
        "changeInCashAndCashEquivalents": "None",
        "changeInExchangeRate": "None",
        "netIncome": "-67493000"
      },
      {
        "fiscalDateEnding": "2021-09-30",
        "reportedCurrency": "CNY",
        "operatingCashflow": "None",
        "paymentsForOperatingActivities": "None",
        "proceedsFromOperatingActivities": "None",
        "changeInOperatingLiabilities": "None",
        "changeInOperatingAssets": "None",
        "depreciationDepletionAndAmortization": "None",
        "capitalExpenditures": "0",
        "changeInReceivables": "None",
        "changeInInventory": "None",
        "profitLoss": "None",
        "cashflowFromInvestment": "None",
        "cashflowFromFinancing": "None",
        "proceedsFromRepaymentsOfShortTermDebt": "None",
        "paymentsForRepurchaseOfCommonStock": "None",
        "paymentsForRepurchaseOfEquity": "None",
        "paymentsForRepurchaseOfPreferredStock": "None",
        "dividendPayout": "None",
        "dividendPayoutCommonStock": "None",
        "dividendPayoutPreferredStock": "None",
        "proceedsFromIssuanceOfCommonStock": "None",
        "proceedsFromIssuanceOfLongTermDebtAndCapitalSecuritiesNet": "None",
        "proceedsFromIssuanceOfPreferredStock": "None",
        "proceedsFromRepurchaseOfEquity": "None",
        "proceedsFromSaleOfTreasuryStock": "None",
        "changeInCashAndCashEquivalents": "None",
        "changeInExchangeRate": "None",
        "netIncome": "74494000"
      },
      {
        "fiscalDateEnding": "2021-06-30",
        "reportedCurrency": "CNY",
        "operatingCashflow": "None",
        "paymentsForOperatingActivities": "None",
        "proceedsFromOperatingActivities": "None",
        "changeInOperatingLiabilities": "None",
        "changeInOperatingAssets": "None",
        "depreciationDepletionAndAmortization": "None",
        "capitalExpenditures": "0",
        "changeInReceivables": "None",
        "changeInInventory": "None",
        "profitLoss": "None",
        "cashflowFromInvestment": "None",
        "cashflowFromFinancing": "None",
        "proceedsFromRepaymentsOfShortTermDebt": "None",
        "paymentsForRepurchaseOfCommonStock": "None",
        "paymentsForRepurchaseOfEquity": "None",
        "paymentsForRepurchaseOfPreferredStock": "None",
        "dividendPayout": "None",
        "dividendPayoutCommonStock": "None",
        "dividendPayoutPreferredStock": "None",
        "proceedsFromIssuanceOfCommonStock": "None",
        "proceedsFromIssuanceOfLongTermDebtAndCapitalSecuritiesNet": "None",
        "proceedsFromIssuanceOfPreferredStock": "None",
        "proceedsFromRepurchaseOfEquity": "None",
        "proceedsFromSaleOfTreasuryStock": "None",
        "changeInCashAndCashEquivalents": "None",
        "changeInExchangeRate": "None",
        "netIncome": "92053000"
      },
      {
        "fiscalDateEnding": "2021-03-31",
        "reportedCurrency": "CNY",
        "operatingCashflow": "107856660",
        "paymentsForOperatingActivities": "None",
        "proceedsFromOperatingActivities": "None",
        "changeInOperatingLiabilities": "None",
        "changeInOperatingAssets": "None",
        "depreciationDepletionAndAmortization": "2304000",
        "capitalExpenditures": "1086000",
        "changeInReceivables": "None",
        "changeInInventory": "None",
        "profitLoss": "None",
        "cashflowFromInvestment": "-40903000",
        "cashflowFromFinancing": "-21526170",
        "proceedsFromRepaymentsOfShortTermDebt": "None",
        "paymentsForRepurchaseOfCommonStock": "None",
        "paymentsForRepurchaseOfEquity": "None",
        "paymentsForRepurchaseOfPreferredStock": "None",
        "dividendPayout": "None",
        "dividendPayoutCommonStock": "None",
        "dividendPayoutPreferredStock": "None",
        "proceedsFromIssuanceOfCommonStock": "None",
        "proceedsFromIssuanceOfLongTermDebtAndCapitalSecuritiesNet": "None",
        "proceedsFromIssuanceOfPreferredStock": "None",
        "proceedsFromRepurchaseOfEquity": "None",
        "proceedsFromSaleOfTreasuryStock": "None",
        "changeInCashAndCashEquivalents": "None",
        "changeInExchangeRate": "None",
        "netIncome": "47309000"
      },
      {
        "fiscalDateEnding": "2020-12-31",
        "reportedCurrency": "CNY",
        "operatingCashflow": "59213000",
        "paymentsForOperatingActivities": "None",
        "proceedsFromOperatingActivities": "None",
        "changeInOperatingLiabilities": "None",
        "changeInOperatingAssets": "None",
        "depreciationDepletionAndAmortization": "1166000",
        "capitalExpenditures": "567000",
        "changeInReceivables": "None",
        "changeInInventory": "None",
        "profitLoss": "None",
        "cashflowFromInvestment": "-567000",
        "cashflowFromFinancing": "None",
        "proceedsFromRepaymentsOfShortTermDebt": "None",
        "paymentsForRepurchaseOfCommonStock": "None",
        "paymentsForRepurchaseOfEquity": "None",
        "paymentsForRepurchaseOfPreferredStock": "None",
        "dividendPayout": "None",
        "dividendPayoutCommonStock": "None",
        "dividendPayoutPreferredStock": "None",
        "proceedsFromIssuanceOfCommonStock": "None",
        "proceedsFromIssuanceOfLongTermDebtAndCapitalSecuritiesNet": "None",
        "proceedsFromIssuanceOfPreferredStock": "None",
        "proceedsFromRepurchaseOfEquity": "None",
        "proceedsFromSaleOfTreasuryStock": "None",
        "changeInCashAndCashEquivalents": "None",
        "changeInExchangeRate": "None",
        "netIncome": "-44365000"
      },
      {
        "fiscalDateEnding": "2020-09-30",
        "reportedCurrency": "CNY",
        "operatingCashflow": "52984000",
        "paymentsForOperatingActivities": "None",
        "proceedsFromOperatingActivities": "None",
        "changeInOperatingLiabilities": "None",
        "changeInOperatingAssets": "None",
        "depreciationDepletionAndAmortization": "886000",
        "capitalExpenditures": "345000",
        "changeInReceivables": "None",
        "changeInInventory": "None",
        "profitLoss": "None",
        "cashflowFromInvestment": "-40216000",
        "cashflowFromFinancing": "-35560000",
        "proceedsFromRepaymentsOfShortTermDebt": "None",
        "paymentsForRepurchaseOfCommonStock": "None",
        "paymentsForRepurchaseOfEquity": "None",
        "paymentsForRepurchaseOfPreferredStock": "None",
        "dividendPayout": "None",
        "dividendPayoutCommonStock": "None",
        "dividendPayoutPreferredStock": "None",
        "proceedsFromIssuanceOfCommonStock": "None",
        "proceedsFromIssuanceOfLongTermDebtAndCapitalSecuritiesNet": "None",
        "proceedsFromIssuanceOfPreferredStock": "None",
        "proceedsFromRepurchaseOfEquity": "None",
        "proceedsFromSaleOfTreasuryStock": "None",
        "changeInCashAndCashEquivalents": "None",
        "changeInExchangeRate": "None",
        "netIncome": "61110000"
      },
      {
        "fiscalDateEnding": "2020-06-30",
        "reportedCurrency": "CNY",
        "operatingCashflow": "-4648000",
        "paymentsForOperatingActivities": "None",
        "proceedsFromOperatingActivities": "None",
        "changeInOperatingLiabilities": "None",
        "changeInOperatingAssets": "None",
        "depreciationDepletionAndAmortization": "125000",
        "capitalExpenditures": "120000",
        "changeInReceivables": "None",
        "changeInInventory": "None",
        "profitLoss": "None",
        "cashflowFromInvestment": "-120000",
        "cashflowFromFinancing": "14033000",
        "proceedsFromRepaymentsOfShortTermDebt": "None",
        "paymentsForRepurchaseOfCommonStock": "None",
        "paymentsForRepurchaseOfEquity": "None",
        "paymentsForRepurchaseOfPreferredStock": "None",
        "dividendPayout": "None",
        "dividendPayoutCommonStock": "None",
        "dividendPayoutPreferredStock": "None",
        "proceedsFromIssuanceOfCommonStock": "None",
        "proceedsFromIssuanceOfLongTermDebtAndCapitalSecuritiesNet": "None",
        "proceedsFromIssuanceOfPreferredStock": "None",
        "proceedsFromRepurchaseOfEquity": "None",
        "proceedsFromSaleOfTreasuryStock": "None",
        "changeInCashAndCashEquivalents": "None",
        "changeInExchangeRate": "None",
        "netIncome": "121695000"
      },
      {
        "fiscalDateEnding": "2020-03-31",
        "reportedCurrency": "CNY",
        "operatingCashflow": "47892000",
        "paymentsForOperatingActivities": "None",
        "proceedsFromOperatingActivities": "None",
        "changeInOperatingLiabilities": "None",
        "changeInOperatingAssets": "None",
        "depreciationDepletionAndAmortization": "127000",
        "capitalExpenditures": "54000",
        "changeInReceivables": "None",
        "changeInInventory": "None",
        "profitLoss": "None",
        "cashflowFromInvestment": "-31000",
        "cashflowFromFinancing": "-1805000",
        "proceedsFromRepaymentsOfShortTermDebt": "None",
        "paymentsForRepurchaseOfCommonStock": "None",
        "paymentsForRepurchaseOfEquity": "None",
        "paymentsForRepurchaseOfPreferredStock": "None",
        "dividendPayout": "None",
        "dividendPayoutCommonStock": "None",
        "dividendPayoutPreferredStock": "None",
        "proceedsFromIssuanceOfCommonStock": "None",
        "proceedsFromIssuanceOfLongTermDebtAndCapitalSecuritiesNet": "None",
        "proceedsFromIssuanceOfPreferredStock": "None",
        "proceedsFromRepurchaseOfEquity": "None",
        "proceedsFromSaleOfTreasuryStock": "None",
        "changeInCashAndCashEquivalents": "None",
        "changeInExchangeRate": "None",
        "netIncome": "-103166"
      },
      {
        "fiscalDateEnding": "2019-12-31",
        "reportedCurrency": "CNY",
        "operatingCashflow": "-157520",
        "paymentsForOperatingActivities": "None",
        "proceedsFromOperatingActivities": "None",
        "changeInOperatingLiabilities": "None",
        "changeInOperatingAssets": "None",
        "depreciationDepletionAndAmortization": "None",
        "capitalExpenditures": "0",
        "changeInReceivables": "None",
        "changeInInventory": "None",
        "profitLoss": "None",
        "cashflowFromInvestment": "-2648500",
        "cashflowFromFinancing": "2",
        "proceedsFromRepaymentsOfShortTermDebt": "None",
        "paymentsForRepurchaseOfCommonStock": "None",
        "paymentsForRepurchaseOfEquity": "None",
        "paymentsForRepurchaseOfPreferredStock": "None",
        "dividendPayout": "None",
        "dividendPayoutCommonStock": "None",
        "dividendPayoutPreferredStock": "None",
        "proceedsFromIssuanceOfCommonStock": "None",
        "proceedsFromIssuanceOfLongTermDebtAndCapitalSecuritiesNet": "None",
        "proceedsFromIssuanceOfPreferredStock": "None",
        "proceedsFromRepurchaseOfEquity": "-58475100",
        "proceedsFromSaleOfTreasuryStock": "None",
        "changeInCashAndCashEquivalents": "None",
        "changeInExchangeRate": "None",
        "netIncome": "52712000"
      },
      {
        "fiscalDateEnding": "2019-09-30",
        "reportedCurrency": "CNY",
        "operatingCashflow": "-150140",
        "paymentsForOperatingActivities": "None",
        "proceedsFromOperatingActivities": "None",
        "changeInOperatingLiabilities": "None",
        "changeInOperatingAssets": "None",
        "depreciationDepletionAndAmortization": "None",
        "capitalExpenditures": "0",
        "changeInReceivables": "None",
        "changeInInventory": "None",
        "profitLoss": "None",
        "cashflowFromInvestment": "-32000",
        "cashflowFromFinancing": "-830",
        "proceedsFromRepaymentsOfShortTermDebt": "None",
        "paymentsForRepurchaseOfCommonStock": "None",
        "paymentsForRepurchaseOfEquity": "None",
        "paymentsForRepurchaseOfPreferredStock": "None",
        "dividendPayout": "None",
        "dividendPayoutCommonStock": "None",
        "dividendPayoutPreferredStock": "None",
        "proceedsFromIssuanceOfCommonStock": "None",
        "proceedsFromIssuanceOfLongTermDebtAndCapitalSecuritiesNet": "None",
        "proceedsFromIssuanceOfPreferredStock": "None",
        "proceedsFromRepurchaseOfEquity": "58475100",
        "proceedsFromSaleOfTreasuryStock": "None",
        "changeInCashAndCashEquivalents": "None",
        "changeInExchangeRate": "None",
        "netIncome": "38419000"
      },
      {
        "fiscalDateEnding": "2019-06-30",
        "reportedCurrency": "CNY",
        "operatingCashflow": "-268910",
        "paymentsForOperatingActivities": "None",
        "proceedsFromOperatingActivities": "None",
        "changeInOperatingLiabilities": "None",
        "changeInOperatingAssets": "None",
        "depreciationDepletionAndAmortization": "None",
        "capitalExpenditures": "0",
        "changeInReceivables": "None",
        "changeInInventory": "None",
        "profitLoss": "None",
        "cashflowFromInvestment": "-57500000",
        "cashflowFromFinancing": "50830",
        "proceedsFromRepaymentsOfShortTermDebt": "None",
        "paymentsForRepurchaseOfCommonStock": "None",
        "paymentsForRepurchaseOfEquity": "None",
        "paymentsForRepurchaseOfPreferredStock": "None",
        "dividendPayout": "None",
        "dividendPayoutCommonStock": "None",
        "dividendPayoutPreferredStock": "None",
        "proceedsFromIssuanceOfCommonStock": "None",
        "proceedsFromIssuanceOfLongTermDebtAndCapitalSecuritiesNet": "None",
        "proceedsFromIssuanceOfPreferredStock": "None",
        "proceedsFromRepurchaseOfEquity": "58475100",
        "proceedsFromSaleOfTreasuryStock": "None",
        "changeInCashAndCashEquivalents": "None",
        "changeInExchangeRate": "None",
        "netIncome": "31839000"
      },
      {
        "fiscalDateEnding": "2019-03-31",
        "reportedCurrency": "CNY",
        "operatingCashflow": "-139100",
        "paymentsForOperatingActivities": "None",
        "proceedsFromOperatingActivities": "None",
        "changeInOperatingLiabilities": "None",
        "changeInOperatingAssets": "None",
        "depreciationDepletionAndAmortization": "None",
        "capitalExpenditures": "0",
        "changeInReceivables": "None",
        "changeInInventory": "None",
        "profitLoss": "None",
        "cashflowFromInvestment": "-57500000",
        "cashflowFromFinancing": "58124340",
        "proceedsFromRepaymentsOfShortTermDebt": "None",
        "paymentsForRepurchaseOfCommonStock": "None",
        "paymentsForRepurchaseOfEquity": "None",
        "paymentsForRepurchaseOfPreferredStock": "None",
        "dividendPayout": "None",
        "dividendPayoutCommonStock": "None",
        "dividendPayoutPreferredStock": "None",
        "proceedsFromIssuanceOfCommonStock": "None",
        "proceedsFromIssuanceOfLongTermDebtAndCapitalSecuritiesNet": "None",
        "proceedsFromIssuanceOfPreferredStock": "None",
        "proceedsFromRepurchaseOfEquity": "58475100",
        "proceedsFromSaleOfTreasuryStock": "None",
        "changeInCashAndCashEquivalents": "None",
        "changeInExchangeRate": "None",
        "netIncome": "31050"
      }
    ]
  },
  "incomeStatement": {
    "symbol": "SJ",
    "annualReports": [
      {
        "fiscalDateEnding": "2024-12-31",
        "reportedCurrency": "CNY",
        "grossProfit": "245429448",
        "totalRevenue": "1363291760",
        "costOfRevenue": "1117862311",
        "costofGoodsAndServicesSold": "1117862311",
        "operatingIncome": "40734602",
        "sellingGeneralAndAdministrative": "76629000",
        "researchAndDevelopment": "90454028",
        "operatingExpenses": "204694846",
        "investmentIncomeNet": "None",
        "netInterestIncome": "3211000",
        "interestIncome": "3211000",
        "interestExpense": "None",
        "nonInterestIncome": "None",
        "otherNonOperatingIncome": "None",
        "depreciation": "None",
        "depreciationAndAmortization": "15407766",
        "incomeBeforeTax": "39289440",
        "incomeTaxExpense": "12597728",
        "interestAndDebtExpense": "None",
        "netIncomeFromContinuingOperations": "26683000",
        "comprehensiveIncomeNetOfTax": "None",
        "ebit": "39289441",
        "ebitda": "54697207",
        "netIncome": "39690874"
      },
      {
        "fiscalDateEnding": "2023-12-31",
        "reportedCurrency": "CNY",
        "grossProfit": "192297118",
        "totalRevenue": "1461606869",
        "costOfRevenue": "1269309750",
        "costofGoodsAndServicesSold": "1269309750",
        "operatingIncome": "22754037",
        "sellingGeneralAndAdministrative": "75582000",
        "researchAndDevelopment": "74949475",
        "operatingExpenses": "169543081",
        "investmentIncomeNet": "None",
        "netInterestIncome": "2739000",
        "interestIncome": "2739000",
        "interestExpense": "None",
        "nonInterestIncome": "None",
        "otherNonOperatingIncome": "None",
        "depreciation": "None",
        "depreciationAndAmortization": "15216585",
        "incomeBeforeTax": "-26437754",
        "incomeTaxExpense": "8458381",
        "interestAndDebtExpense": "None",
        "netIncomeFromContinuingOperations": "-34976000",
        "comprehensiveIncomeNetOfTax": "None",
        "ebit": "-26437747",
        "ebitda": "-11221162",
        "netIncome": "-30716533"
      },
      {
        "fiscalDateEnding": "2022-12-31",
        "reportedCurrency": "CNY",
        "grossProfit": "281335583",
        "totalRevenue": "1940454272",
        "costOfRevenue": "1659118688",
        "costofGoodsAndServicesSold": "1659118688",
        "operatingIncome": "148804522",
        "sellingGeneralAndAdministrative": "61005000",
        "researchAndDevelopment": "67094620",
        "operatingExpenses": "132531061",
        "investmentIncomeNet": "None",
        "netInterestIncome": "2506000",
        "interestIncome": "2506000",
        "interestExpense": "125635000",
        "nonInterestIncome": "None",
        "otherNonOperatingIncome": "None",
        "depreciation": "None",
        "depreciationAndAmortization": "14354905",
        "incomeBeforeTax": "211897584",
        "incomeTaxExpense": "17945344",
        "interestAndDebtExpense": "None",
        "netIncomeFromContinuingOperations": "195225000",
        "comprehensiveIncomeNetOfTax": "None",
        "ebit": "211897584",
        "ebitda": "226252489",
        "netIncome": "192074796"
      },
      {
        "fiscalDateEnding": "2021-12-31",
        "reportedCurrency": "CNY",
        "grossProfit": "304135327",
        "totalRevenue": "1667594319",
        "costOfRevenue": "1363458992",
        "costofGoodsAndServicesSold": "1363458992",
        "operatingIncome": "165798823",
        "sellingGeneralAndAdministrative": "65233000",
        "researchAndDevelopment": "69967167",
        "operatingExpenses": "138336503",
        "investmentIncomeNet": "None",
        "netInterestIncome": "3962000",
        "interestIncome": "3962000",
        "interestExpense": "20257000",
        "nonInterestIncome": "None",
        "otherNonOperatingIncome": "None",
        "depreciation": "None",
        "depreciationAndAmortization": "4831687",
        "incomeBeforeTax": "175436735",
        "incomeTaxExpense": "5595590",
        "interestAndDebtExpense": "None",
        "netIncomeFromContinuingOperations": "170012000",
        "comprehensiveIncomeNetOfTax": "None",
        "ebit": "175436736",
        "ebitda": "180268423",
        "netIncome": "169841144"
      },
      {
        "fiscalDateEnding": "2020-12-31",
        "reportedCurrency": "CNY",
        "grossProfit": "262264360",
        "totalRevenue": "1222268988",
        "costOfRevenue": "960004627",
        "costofGoodsAndServicesSold": "960004627",
        "operatingIncome": "194725953",
        "sellingGeneralAndAdministrative": "33889000",
        "researchAndDevelopment": "31778941",
        "operatingExpenses": "67538407",
        "investmentIncomeNet": "None",
        "netInterestIncome": "2960000",
        "interestIncome": "2960000",
        "interestExpense": "18360000",
        "nonInterestIncome": "None",
        "otherNonOperatingIncome": "None",
        "depreciation": "None",
        "depreciationAndAmortization": "2303483",
        "incomeBeforeTax": "183515230",
        "incomeTaxExpense": "7406385",
        "interestAndDebtExpense": "None",
        "netIncomeFromContinuingOperations": "172196000",
        "comprehensiveIncomeNetOfTax": "None",
        "ebit": "183515231",
        "ebitda": "185818714",
        "netIncome": "176108844"
      },
      {
        "fiscalDateEnding": "2019-12-31",
        "reportedCurrency": "CNY",
        "grossProfit": "193989000",
        "totalRevenue": "914626000",
        "costOfRevenue": "720637000",
        "costofGoodsAndServicesSold": "720637000",
        "operatingIncome": "-6455297",
        "sellingGeneralAndAdministrative": "11957000",
        "researchAndDevelopment": "21523000",
        "operatingExpenses": "6455297",
        "investmentIncomeNet": "None",
        "netInterestIncome": "1005000",
        "interestIncome": "1088140",
        "interestExpense": "685000",
        "nonInterestIncome": "None",
        "otherNonOperatingIncome": "None",
        "depreciation": "None",
        "depreciationAndAmortization": "681000",
        "incomeBeforeTax": "1043279",
        "incomeTaxExpense": "6623000",
        "interestAndDebtExpense": "None",
        "netIncomeFromContinuingOperations": "149918000",
        "comprehensiveIncomeNetOfTax": "None",
        "ebit": "155851000",
        "ebitda": "1043279",
        "netIncome": "1043279"
      },
      {
        "fiscalDateEnding": "2018-12-31",
        "reportedCurrency": "CNY",
        "grossProfit": "148934000",
        "totalRevenue": "743018000",
        "costOfRevenue": "594084000",
        "costofGoodsAndServicesSold": "594084000",
        "operatingIncome": "109881000",
        "sellingGeneralAndAdministrative": "16265000",
        "researchAndDevelopment": "10957000",
        "operatingExpenses": "39053000",
        "investmentIncomeNet": "None",
        "netInterestIncome": "1444000",
        "interestIncome": "1444000",
        "interestExpense": "0",
        "nonInterestIncome": "None",
        "otherNonOperatingIncome": "None",
        "depreciation": "None",
        "depreciationAndAmortization": "1191000",
        "incomeBeforeTax": "-418261",
        "incomeTaxExpense": "4627000",
        "interestAndDebtExpense": "None",
        "netIncomeFromContinuingOperations": "106740000",
        "comprehensiveIncomeNetOfTax": "None",
        "ebit": "109881000",
        "ebitda": "-418282.10",
        "netIncome": "-418261"
      }
    ],
    "quarterlyReports": [
      {
        "fiscalDateEnding": "2025-09-30",
        "reportedCurrency": "None",
        "grossProfit": "55521760",
        "totalRevenue": "307014400",
        "costOfRevenue": "251492640",
        "costofGoodsAndServicesSold": "251492640",
        "operatingIncome": "9469600",
        "sellingGeneralAndAdministrative": "21240000",
        "researchAndDevelopment": "23951680",
        "operatingExpenses": "46052160",
        "investmentIncomeNet": "None",
        "netInterestIncome": "None",
        "interestIncome": "None",
        "interestExpense": "None",
        "nonInterestIncome": "None",
        "otherNonOperatingIncome": "None",
        "depreciation": "None",
        "depreciationAndAmortization": "None",
        "incomeBeforeTax": "8266320",
        "incomeTaxExpense": "3082960",
        "interestAndDebtExpense": "None",
        "netIncomeFromContinuingOperations": "None",
        "comprehensiveIncomeNetOfTax": "None",
        "ebit": "None",
        "ebitda": "8266320",
        "netIncome": "6835200"
      },
      {
        "fiscalDateEnding": "2025-06-30",
        "reportedCurrency": "CNY",
        "grossProfit": "63672743",
        "totalRevenue": "349039535",
        "costOfRevenue": "285366792",
        "costofGoodsAndServicesSold": "285366792",
        "operatingIncome": "23268347",
        "sellingGeneralAndAdministrative": "21027000",
        "researchAndDevelopment": "17436932",
        "operatingExpenses": "40404396",
        "investmentIncomeNet": "None",
        "netInterestIncome": "457000",
        "interestIncome": "457000",
        "interestExpense": "None",
        "nonInterestIncome": "None",
        "otherNonOperatingIncome": "None",
        "depreciation": "None",
        "depreciationAndAmortization": "None",
        "incomeBeforeTax": "22437334",
        "incomeTaxExpense": "-272228.20",
        "interestAndDebtExpense": "None",
        "netIncomeFromContinuingOperations": "22707000",
        "comprehensiveIncomeNetOfTax": "None",
        "ebit": "None",
        "ebitda": "22437334",
        "netIncome": "22587776"
      },
      {
        "fiscalDateEnding": "2025-03-31",
        "reportedCurrency": "CNY",
        "grossProfit": "59540434",
        "totalRevenue": "307594105",
        "costOfRevenue": "248053671",
        "costofGoodsAndServicesSold": "248053671",
        "operatingIncome": "13733954",
        "sellingGeneralAndAdministrative": "23352000",
        "researchAndDevelopment": "19580508",
        "operatingExpenses": "45806479",
        "investmentIncomeNet": "None",
        "netInterestIncome": "539000",
        "interestIncome": "539000",
        "interestExpense": "None",
        "nonInterestIncome": "None",
        "otherNonOperatingIncome": "None",
        "depreciation": "None",
        "depreciationAndAmortization": "15407766",
        "incomeBeforeTax": "-10080766",
        "incomeTaxExpense": "2883331.60",
        "interestAndDebtExpense": "None",
        "netIncomeFromContinuingOperations": "-12958000",
        "comprehensiveIncomeNetOfTax": "None",
        "ebit": "-7992185.20",
        "ebitda": "-10080766",
        "netIncome": "-9093025.60"
      },
      {
        "fiscalDateEnding": "2024-12-31",
        "reportedCurrency": "CNY",
        "grossProfit": "65866000",
        "totalRevenue": "350866000",
        "costOfRevenue": "285000000",
        "costofGoodsAndServicesSold": "285000000",
        "operatingIncome": "5422000",
        "sellingGeneralAndAdministrative": "27827000",
        "researchAndDevelopment": "32661000",
        "operatingExpenses": "345444000",
        "investmentIncomeNet": "None",
        "netInterestIncome": "411000",
        "interestIncome": "411000",
        "interestExpense": "None",
        "nonInterestIncome": "None",
        "otherNonOperatingIncome": "None",
        "depreciation": "None",
        "depreciationAndAmortization": "None",
        "incomeBeforeTax": "-6165000",
        "incomeTaxExpense": "None",
        "interestAndDebtExpense": "None",
        "netIncomeFromContinuingOperations": "-7520000",
        "comprehensiveIncomeNetOfTax": "None",
        "ebit": "None",
        "ebitda": "None",
        "netIncome": "-3006000"
      },
      {
        "fiscalDateEnding": "2024-09-30",
        "reportedCurrency": "CNY",
        "grossProfit": "65749603",
        "totalRevenue": "344759543",
        "costOfRevenue": "279009940",
        "costofGoodsAndServicesSold": "279009940",
        "operatingIncome": "-2215254.80",
        "sellingGeneralAndAdministrative": "15874000",
        "researchAndDevelopment": "20056468",
        "operatingExpenses": "67964858",
        "investmentIncomeNet": "None",
        "netInterestIncome": "372000",
        "interestIncome": "372000",
        "interestExpense": "None",
        "nonInterestIncome": "None",
        "otherNonOperatingIncome": "None",
        "depreciation": "None",
        "depreciationAndAmortization": "10148000",
        "incomeBeforeTax": "3070511.40",
        "incomeTaxExpense": "3827623.80",
        "interestAndDebtExpense": "None",
        "netIncomeFromContinuingOperations": "-2024000",
        "comprehensiveIncomeNetOfTax": "None",
        "ebit": "-3569000",
        "ebitda": "3070511.40",
        "netIncome": "2236285.70"
      },
      {
        "fiscalDateEnding": "2024-06-30",
        "reportedCurrency": "CNY",
        "grossProfit": "64709963",
        "totalRevenue": "374809119",
        "costOfRevenue": "310099155",
        "costofGoodsAndServicesSold": "310099155",
        "operatingIncome": "28572664",
        "sellingGeneralAndAdministrative": "16650000",
        "researchAndDevelopment": "17534547",
        "operatingExpenses": "36137299",
        "investmentIncomeNet": "None",
        "netInterestIncome": "449000",
        "interestIncome": "449000",
        "interestExpense": "None",
        "nonInterestIncome": "None",
        "otherNonOperatingIncome": "None",
        "depreciation": "None",
        "depreciationAndAmortization": "2025000",
        "incomeBeforeTax": "36449767",
        "incomeTaxExpense": "3037480.60",
        "interestAndDebtExpense": "None",
        "netIncomeFromContinuingOperations": "33421000",
        "comprehensiveIncomeNetOfTax": "None",
        "ebit": "28581000",
        "ebitda": "36449767",
        "netIncome": "35330695"
      },
      {
        "fiscalDateEnding": "2024-03-31",
        "reportedCurrency": "CNY",
        "grossProfit": "53162190",
        "totalRevenue": "316724610",
        "costOfRevenue": "263562420",
        "costofGoodsAndServicesSold": "263562420",
        "operatingIncome": "10309980",
        "sellingGeneralAndAdministrative": "19930000",
        "researchAndDevelopment": "21552630",
        "operatingExpenses": "42852210",
        "investmentIncomeNet": "None",
        "netInterestIncome": "1979000",
        "interestIncome": "1979000",
        "interestExpense": "137000",
        "nonInterestIncome": "None",
        "otherNonOperatingIncome": "None",
        "depreciation": "None",
        "depreciationAndAmortization": "2050250",
        "incomeBeforeTax": "7468590",
        "incomeTaxExpense": "4641660",
        "interestAndDebtExpense": "None",
        "netIncomeFromContinuingOperations": "2806000",
        "comprehensiveIncomeNetOfTax": "None",
        "ebit": "10285000",
        "ebitda": "7468590",
        "netIncome": "6608220"
      },
      {
        "fiscalDateEnding": "2023-12-31",
        "reportedCurrency": "CNY",
        "grossProfit": "54167000",
        "totalRevenue": "428306000",
        "costOfRevenue": "374139000",
        "costofGoodsAndServicesSold": "374139000",
        "operatingIncome": "14277000",
        "sellingGeneralAndAdministrative": "21563000",
        "researchAndDevelopment": "17451000",
        "operatingExpenses": "414029000",
        "investmentIncomeNet": "None",
        "netInterestIncome": "632000",
        "interestIncome": "495000",
        "interestExpense": "None",
        "nonInterestIncome": "None",
        "otherNonOperatingIncome": "None",
        "depreciation": "None",
        "depreciationAndAmortization": "None",
        "incomeBeforeTax": "3355000",
        "incomeTaxExpense": "None",
        "interestAndDebtExpense": "None",
        "netIncomeFromContinuingOperations": "2366000",
        "comprehensiveIncomeNetOfTax": "None",
        "ebit": "None",
        "ebitda": "None",
        "netIncome": "3952000"
      },
      {
        "fiscalDateEnding": "2023-09-30",
        "reportedCurrency": "CNY",
        "grossProfit": "47524308",
        "totalRevenue": "365390136",
        "costOfRevenue": "317865828",
        "costofGoodsAndServicesSold": "317865828",
        "operatingIncome": "-8004709",
        "sellingGeneralAndAdministrative": "18374000",
        "researchAndDevelopment": "22531503",
        "operatingExpenses": "55529017",
        "investmentIncomeNet": "None",
        "netInterestIncome": "1012000",
        "interestIncome": "1062000",
        "interestExpense": "50000",
        "nonInterestIncome": "None",
        "otherNonOperatingIncome": "None",
        "depreciation": "None",
        "depreciationAndAmortization": "2046750",
        "incomeBeforeTax": "-109137196",
        "incomeTaxExpense": "8136173",
        "interestAndDebtExpense": "None",
        "netIncomeFromContinuingOperations": "-116681000",
        "comprehensiveIncomeNetOfTax": "None",
        "ebit": "-108508000",
        "ebitda": "-109086071",
        "netIncome": "-116930102"
      },
      {
        "fiscalDateEnding": "2023-06-30",
        "reportedCurrency": "CNY",
        "grossProfit": "50373789",
        "totalRevenue": "362727501",
        "costOfRevenue": "312353711",
        "costofGoodsAndServicesSold": "312353711",
        "operatingIncome": "11508835",
        "sellingGeneralAndAdministrative": "19148000",
        "researchAndDevelopment": "18114284",
        "operatingExpenses": "38864954",
        "investmentIncomeNet": "None",
        "netInterestIncome": "691000",
        "interestIncome": "745000",
        "interestExpense": "54000",
        "nonInterestIncome": "None",
        "otherNonOperatingIncome": "None",
        "depreciation": "None",
        "depreciationAndAmortization": "2046000",
        "incomeBeforeTax": "78265876",
        "incomeTaxExpense": "-6518535",
        "interestAndDebtExpense": "None",
        "netIncomeFromContinuingOperations": "84874000",
        "comprehensiveIncomeNetOfTax": "None",
        "ebit": "11524000",
        "ebitda": "78316576",
        "netIncome": "84646798"
      },
      {
        "fiscalDateEnding": "2023-03-31",
        "reportedCurrency": "CNY",
        "grossProfit": "40131190",
        "totalRevenue": "304579099",
        "costOfRevenue": "264447909",
        "costofGoodsAndServicesSold": "264447909",
        "operatingIncome": "4915005",
        "sellingGeneralAndAdministrative": "17309000",
        "researchAndDevelopment": "16827878",
        "operatingExpenses": "35216185",
        "investmentIncomeNet": "None",
        "netInterestIncome": "404000",
        "interestIncome": "437000",
        "interestExpense": "33000",
        "nonInterestIncome": "None",
        "otherNonOperatingIncome": "None",
        "depreciation": "None",
        "depreciationAndAmortization": "2046750",
        "incomeBeforeTax": "364329",
        "incomeTaxExpense": "5898006.40",
        "interestAndDebtExpense": "None",
        "netIncomeFromContinuingOperations": "-5535000",
        "comprehensiveIncomeNetOfTax": "None",
        "ebit": "392000",
        "ebitda": "398699",
        "netIncome": "-3148353"
      },
      {
        "fiscalDateEnding": "2022-12-31",
        "reportedCurrency": "CNY",
        "grossProfit": "4979000",
        "totalRevenue": "533842000",
        "costOfRevenue": "528863000",
        "costofGoodsAndServicesSold": "528863000",
        "operatingIncome": "-19482000",
        "sellingGeneralAndAdministrative": "14752000",
        "researchAndDevelopment": "13822000",
        "operatingExpenses": "24461000",
        "investmentIncomeNet": "None",
        "netInterestIncome": "543000",
        "interestIncome": "506000",
        "interestExpense": "533000",
        "nonInterestIncome": "None",
        "otherNonOperatingIncome": "None",
        "depreciation": "None",
        "depreciationAndAmortization": "-57673000",
        "incomeBeforeTax": "8442000",
        "incomeTaxExpense": "4875000",
        "interestAndDebtExpense": "None",
        "netIncomeFromContinuingOperations": "3567000",
        "comprehensiveIncomeNetOfTax": "None",
        "ebit": "-19482000",
        "ebitda": "-77155000",
        "netIncome": "3971000"
      },
      {
        "fiscalDateEnding": "2022-09-30",
        "reportedCurrency": "CNY",
        "grossProfit": "57931307",
        "totalRevenue": "390814939",
        "costOfRevenue": "332883631",
        "costofGoodsAndServicesSold": "332883631",
        "operatingIncome": "27208860",
        "sellingGeneralAndAdministrative": "11739000",
        "researchAndDevelopment": "16475286",
        "operatingExpenses": "30722446",
        "investmentIncomeNet": "None",
        "netInterestIncome": "725000",
        "interestIncome": "749000",
        "interestExpense": "24000",
        "nonInterestIncome": "None",
        "otherNonOperatingIncome": "None",
        "depreciation": "None",
        "depreciationAndAmortization": "1208750",
        "incomeBeforeTax": "40006309",
        "incomeTaxExpense": "8169799",
        "interestAndDebtExpense": "None",
        "netIncomeFromContinuingOperations": "41057000",
        "comprehensiveIncomeNetOfTax": "None",
        "ebit": "49511000",
        "ebitda": "40027733",
        "netIncome": "29208462"
      },
      {
        "fiscalDateEnding": "2022-06-30",
        "reportedCurrency": "CNY",
        "grossProfit": "93188931",
        "totalRevenue": "506703088",
        "costOfRevenue": "413514157",
        "costofGoodsAndServicesSold": "413514157",
        "operatingIncome": "55653383",
        "sellingGeneralAndAdministrative": "15406000",
        "researchAndDevelopment": "18318848",
        "operatingExpenses": "37535547",
        "investmentIncomeNet": "None",
        "netInterestIncome": "742000",
        "interestIncome": "755000",
        "interestExpense": "13000",
        "nonInterestIncome": "None",
        "otherNonOperatingIncome": "None",
        "depreciation": "None",
        "depreciationAndAmortization": "2043000",
        "incomeBeforeTax": "66595109",
        "incomeTaxExpense": "-804046",
        "interestAndDebtExpense": "None",
        "netIncomeFromContinuingOperations": "67375000",
        "comprehensiveIncomeNetOfTax": "None",
        "ebit": "66581000",
        "ebitda": "66608510",
        "netIncome": "67700673"
      },
      {
        "fiscalDateEnding": "2022-03-31",
        "reportedCurrency": "CNY",
        "grossProfit": "114709532",
        "totalRevenue": "464396377",
        "costOfRevenue": "349686845",
        "costofGoodsAndServicesSold": "349686845",
        "operatingIncome": "78387176",
        "sellingGeneralAndAdministrative": "19108000",
        "researchAndDevelopment": "16852607",
        "operatingExpenses": "36322356",
        "investmentIncomeNet": "None",
        "netInterestIncome": "496000",
        "interestIncome": "496000",
        "interestExpense": "496000",
        "nonInterestIncome": "None",
        "otherNonOperatingIncome": "None",
        "depreciation": "None",
        "depreciationAndAmortization": "1208750",
        "incomeBeforeTax": "88970080",
        "incomeTaxExpense": "5577304",
        "interestAndDebtExpense": "None",
        "netIncomeFromContinuingOperations": "83226000",
        "comprehensiveIncomeNetOfTax": "None",
        "ebit": "88795000",
        "ebitda": "88970080",
        "netIncome": "83392775"
      },
      {
        "fiscalDateEnding": "2021-12-31",
        "reportedCurrency": "CNY",
        "grossProfit": "72062000",
        "totalRevenue": "498167000",
        "costOfRevenue": "426105000",
        "costofGoodsAndServicesSold": "426105000",
        "operatingIncome": "19125000",
        "sellingGeneralAndAdministrative": "26627000",
        "researchAndDevelopment": "30246000",
        "operatingExpenses": "52937000",
        "investmentIncomeNet": "None",
        "netInterestIncome": "2080000",
        "interestIncome": "2080000",
        "interestExpense": "2080000",
        "nonInterestIncome": "None",
        "otherNonOperatingIncome": "None",
        "depreciation": "None",
        "depreciationAndAmortization": "-84978000",
        "incomeBeforeTax": "-67933000",
        "incomeTaxExpense": "-440000",
        "interestAndDebtExpense": "None",
        "netIncomeFromContinuingOperations": "-67493000",
        "comprehensiveIncomeNetOfTax": "None",
        "ebit": "193235000",
        "ebitda": "108257000",
        "netIncome": "-67493000"
      },
      {
        "fiscalDateEnding": "2021-09-30",
        "reportedCurrency": "CNY",
        "grossProfit": "72757638",
        "totalRevenue": "415065679",
        "costOfRevenue": "342308040",
        "costofGoodsAndServicesSold": "342308040",
        "operatingIncome": "41192334",
        "sellingGeneralAndAdministrative": "14211000",
        "researchAndDevelopment": "16350466",
        "operatingExpenses": "31565303",
        "investmentIncomeNet": "None",
        "netInterestIncome": "692000",
        "interestIncome": "451000",
        "interestExpense": "None",
        "nonInterestIncome": "None",
        "otherNonOperatingIncome": "None",
        "depreciation": "None",
        "depreciationAndAmortization": "576000",
        "incomeBeforeTax": "74815964",
        "incomeTaxExpense": "-122596",
        "interestAndDebtExpense": "None",
        "netIncomeFromContinuingOperations": "74494000",
        "comprehensiveIncomeNetOfTax": "None",
        "ebit": "-22586000",
        "ebitda": "74815964",
        "netIncome": "74938560"
      },
      {
        "fiscalDateEnding": "2021-06-30",
        "reportedCurrency": "CNY",
        "grossProfit": "81200005",
        "totalRevenue": "399075493",
        "costOfRevenue": "317875488",
        "costofGoodsAndServicesSold": "317875488",
        "operatingIncome": "46687255",
        "sellingGeneralAndAdministrative": "15548000",
        "researchAndDevelopment": "14107684",
        "operatingExpenses": "34512750",
        "investmentIncomeNet": "None",
        "netInterestIncome": "569000",
        "interestIncome": "693000",
        "interestExpense": "124000",
        "nonInterestIncome": "None",
        "otherNonOperatingIncome": "None",
        "depreciation": "None",
        "depreciationAndAmortization": "1200000",
        "incomeBeforeTax": "96090013",
        "incomeTaxExpense": "2870674.60",
        "interestAndDebtExpense": "None",
        "netIncomeFromContinuingOperations": "92053000",
        "comprehensiveIncomeNetOfTax": "None",
        "ebit": "94996000",
        "ebitda": "96212857",
        "netIncome": "93219338"
      },
      {
        "fiscalDateEnding": "2021-03-31",
        "reportedCurrency": "CNY",
        "grossProfit": "80288197",
        "totalRevenue": "365701188",
        "costOfRevenue": "285412990",
        "costofGoodsAndServicesSold": "285412990",
        "operatingIncome": "60288349",
        "sellingGeneralAndAdministrative": "8847000",
        "researchAndDevelopment": "9583123",
        "operatingExpenses": "19999847",
        "investmentIncomeNet": "None",
        "netInterestIncome": "621000",
        "interestIncome": "738000",
        "interestExpense": "117000",
        "nonInterestIncome": "None",
        "otherNonOperatingIncome": "None",
        "depreciation": "None",
        "depreciationAndAmortization": "1207208",
        "incomeBeforeTax": "74452994",
        "incomeTaxExpense": "3367220",
        "interestAndDebtExpense": "None",
        "netIncomeFromContinuingOperations": "70958000",
        "comprehensiveIncomeNetOfTax": "None",
        "ebit": "-47329082",
        "ebitda": "74571142",
        "netIncome": "71085773"
      },
      {
        "fiscalDateEnding": "2020-12-31",
        "reportedCurrency": "CNY",
        "grossProfit": "79819000",
        "totalRevenue": "454379000",
        "costOfRevenue": "374560000",
        "costofGoodsAndServicesSold": "374560000",
        "operatingIncome": "53784000",
        "sellingGeneralAndAdministrative": "14150000",
        "researchAndDevelopment": "11010000",
        "operatingExpenses": "26035000",
        "investmentIncomeNet": "None",
        "netInterestIncome": "806000",
        "interestIncome": "806000",
        "interestExpense": "None",
        "nonInterestIncome": "None",
        "otherNonOperatingIncome": "None",
        "depreciation": "None",
        "depreciationAndAmortization": "101996000",
        "incomeBeforeTax": "-47330000",
        "incomeTaxExpense": "939000",
        "interestAndDebtExpense": "None",
        "netIncomeFromContinuingOperations": "-48269000",
        "comprehensiveIncomeNetOfTax": "None",
        "ebit": "53784000",
        "ebitda": "155780000",
        "netIncome": "-48269000"
      },
      {
        "fiscalDateEnding": "2020-09-30",
        "reportedCurrency": "CNY",
        "grossProfit": "76201439",
        "totalRevenue": "334205990",
        "costOfRevenue": "258004551",
        "costofGoodsAndServicesSold": "258004551",
        "operatingIncome": "54975108",
        "sellingGeneralAndAdministrative": "11040000",
        "researchAndDevelopment": "8241849.80",
        "operatingExpenses": "21226330",
        "investmentIncomeNet": "None",
        "netInterestIncome": "805000",
        "interestIncome": "805000",
        "interestExpense": "None",
        "nonInterestIncome": "None",
        "otherNonOperatingIncome": "None",
        "depreciation": "None",
        "depreciationAndAmortization": "896887.20",
        "incomeBeforeTax": "70045531",
        "incomeTaxExpense": "2677072.40",
        "interestAndDebtExpense": "None",
        "netIncomeFromContinuingOperations": "61110000",
        "comprehensiveIncomeNetOfTax": "None",
        "ebit": "70045530.80",
        "ebitda": "70942418",
        "netIncome": "67368459"
      },
      {
        "fiscalDateEnding": "2020-06-30",
        "reportedCurrency": "CNY",
        "grossProfit": "58720202",
        "totalRevenue": "234923156",
        "costOfRevenue": "176202954",
        "costofGoodsAndServicesSold": "176202954",
        "operatingIncome": "49305208",
        "sellingGeneralAndAdministrative": "5217000",
        "researchAndDevelopment": "6669542",
        "operatingExpenses": "9414994",
        "investmentIncomeNet": "None",
        "netInterestIncome": "815000",
        "interestIncome": "815000",
        "interestExpense": "None",
        "nonInterestIncome": "None",
        "otherNonOperatingIncome": "None",
        "depreciation": "None",
        "depreciationAndAmortization": "125000",
        "incomeBeforeTax": "123510041",
        "incomeTaxExpense": "1940872",
        "interestAndDebtExpense": "None",
        "netIncomeFromContinuingOperations": "121695000",
        "comprehensiveIncomeNetOfTax": "None",
        "ebit": "49357000",
        "ebitda": "123510041",
        "netIncome": "121569169"
      },
      {
        "fiscalDateEnding": "2020-03-31",
        "reportedCurrency": "CNY",
        "grossProfit": "51805000",
        "totalRevenue": "216275000",
        "costOfRevenue": "164470000",
        "costofGoodsAndServicesSold": "164470000",
        "operatingIncome": "40118000",
        "sellingGeneralAndAdministrative": "3482000",
        "researchAndDevelopment": "6364000",
        "operatingExpenses": "11687000",
        "investmentIncomeNet": "None",
        "netInterestIncome": "534000",
        "interestIncome": "534000",
        "interestExpense": "241960",
        "nonInterestIncome": "None",
        "otherNonOperatingIncome": "None",
        "depreciation": "None",
        "depreciationAndAmortization": "127000",
        "incomeBeforeTax": "39660000",
        "incomeTaxExpense": "2000000",
        "interestAndDebtExpense": "None",
        "netIncomeFromContinuingOperations": "37660000",
        "comprehensiveIncomeNetOfTax": "None",
        "ebit": "39660000",
        "ebitda": "39660000",
        "netIncome": "37660000"
      },
      {
        "fiscalDateEnding": "2019-12-31",
        "reportedCurrency": "CNY",
        "grossProfit": "63987000",
        "totalRevenue": "265113000",
        "costOfRevenue": "201126000",
        "costofGoodsAndServicesSold": "201126000",
        "operatingIncome": "-2468489",
        "sellingGeneralAndAdministrative": "2106000",
        "researchAndDevelopment": "5969000",
        "operatingExpenses": "2468489",
        "investmentIncomeNet": "None",
        "netInterestIncome": "None",
        "interestIncome": "241960",
        "interestExpense": "181110",
        "nonInterestIncome": "None",
        "otherNonOperatingIncome": "None",
        "depreciation": "None",
        "depreciationAndAmortization": "226000",
        "incomeBeforeTax": "-801067",
        "incomeTaxExpense": "4274000",
        "interestAndDebtExpense": "None",
        "netIncomeFromContinuingOperations": "None",
        "comprehensiveIncomeNetOfTax": "None",
        "ebit": "56547000",
        "ebitda": "-801067",
        "netIncome": "-801067"
      },
      {
        "fiscalDateEnding": "2019-09-30",
        "reportedCurrency": "CNY",
        "grossProfit": "54314000",
        "totalRevenue": "245035000",
        "costOfRevenue": "190721000",
        "costofGoodsAndServicesSold": "190721000",
        "operatingIncome": "-1343685",
        "sellingGeneralAndAdministrative": "6450000",
        "researchAndDevelopment": "7201000",
        "operatingExpenses": "1343685",
        "investmentIncomeNet": "None",
        "netInterestIncome": "314000",
        "interestIncome": "297990",
        "interestExpense": "None",
        "nonInterestIncome": "None",
        "otherNonOperatingIncome": "None",
        "depreciation": "None",
        "depreciationAndAmortization": "36000",
        "incomeBeforeTax": "780779",
        "incomeTaxExpense": "-399000",
        "interestAndDebtExpense": "None",
        "netIncomeFromContinuingOperations": "38419000",
        "comprehensiveIncomeNetOfTax": "None",
        "ebit": "37667000",
        "ebitda": "780779",
        "netIncome": "780779"
      },
      {
        "fiscalDateEnding": "2019-06-30",
        "reportedCurrency": "CNY",
        "grossProfit": "40330000",
        "totalRevenue": "215899000",
        "costOfRevenue": "175569000",
        "costofGoodsAndServicesSold": "175569000",
        "operatingIncome": "-1648649",
        "sellingGeneralAndAdministrative": "1991000",
        "researchAndDevelopment": "4441000",
        "operatingExpenses": "7273000",
        "investmentIncomeNet": "None",
        "netInterestIncome": "157000",
        "interestIncome": "548190",
        "interestExpense": "None",
        "nonInterestIncome": "None",
        "otherNonOperatingIncome": "None",
        "depreciation": "None",
        "depreciationAndAmortization": "203000",
        "incomeBeforeTax": "872903",
        "incomeTaxExpense": "1367000",
        "interestAndDebtExpense": "None",
        "netIncomeFromContinuingOperations": "31839000",
        "comprehensiveIncomeNetOfTax": "None",
        "ebit": "32854000",
        "ebitda": "-775773.10",
        "netIncome": "872903"
      },
      {
        "fiscalDateEnding": "2019-03-31",
        "reportedCurrency": "CNY",
        "grossProfit": "35358000",
        "totalRevenue": "188579000",
        "costOfRevenue": "153221000",
        "costofGoodsAndServicesSold": "153221000",
        "operatingIncome": "-1008867",
        "sellingGeneralAndAdministrative": "1410000",
        "researchAndDevelopment": "3912000",
        "operatingExpenses": "7167000",
        "investmentIncomeNet": "None",
        "netInterestIncome": "None",
        "interestIncome": "181110",
        "interestExpense": "181110",
        "nonInterestIncome": "None",
        "otherNonOperatingIncome": "None",
        "depreciation": "None",
        "depreciationAndAmortization": "216000",
        "incomeBeforeTax": "208734",
        "incomeTaxExpense": "1381000",
        "interestAndDebtExpense": "None",
        "netIncomeFromContinuingOperations": "None",
        "comprehensiveIncomeNetOfTax": "None",
        "ebit": "28544000",
        "ebitda": "-800139",
        "netIncome": "208734"
      },
      {
        "fiscalDateEnding": "2018-09-30",
        "reportedCurrency": "None",
        "grossProfit": "33463000",
        "totalRevenue": "185838500",
        "costOfRevenue": "152375500",
        "costofGoodsAndServicesSold": "152375500",
        "operatingIncome": "25619000",
        "sellingGeneralAndAdministrative": "3620000",
        "researchAndDevelopment": "2911500",
        "operatingExpenses": "7820000",
        "investmentIncomeNet": "None",
        "netInterestIncome": "None",
        "interestIncome": "None",
        "interestExpense": "None",
        "nonInterestIncome": "None",
        "otherNonOperatingIncome": "None",
        "depreciation": "None",
        "depreciationAndAmortization": "288500",
        "incomeBeforeTax": "-153143",
        "incomeTaxExpense": "961500",
        "interestAndDebtExpense": "None",
        "netIncomeFromContinuingOperations": "None",
        "comprehensiveIncomeNetOfTax": "None",
        "ebit": "25619000",
        "ebitda": "-153178",
        "netIncome": "-153143"
      },
      {
        "fiscalDateEnding": "2018-06-30",
        "reportedCurrency": "None",
        "grossProfit": "41004000",
        "totalRevenue": "185670500",
        "costOfRevenue": "144666500",
        "costofGoodsAndServicesSold": "144666500",
        "operatingIncome": "29321500",
        "sellingGeneralAndAdministrative": "4512500",
        "researchAndDevelopment": "2567000",
        "operatingExpenses": "11685499",
        "investmentIncomeNet": "None",
        "netInterestIncome": "None",
        "interestIncome": "None",
        "interestExpense": "None",
        "nonInterestIncome": "None",
        "otherNonOperatingIncome": "None",
        "depreciation": "None",
        "depreciationAndAmortization": "307000",
        "incomeBeforeTax": "29897500",
        "incomeTaxExpense": "1352000",
        "interestAndDebtExpense": "None",
        "netIncomeFromContinuingOperations": "None",
        "comprehensiveIncomeNetOfTax": "None",
        "ebit": "29321500",
        "ebitda": "29628500",
        "netIncome": "28545500"
      },
      {
        "fiscalDateEnding": "2018-03-31",
        "reportedCurrency": "None",
        "grossProfit": "41004000",
        "totalRevenue": "185670500",
        "costOfRevenue": "144666500",
        "costofGoodsAndServicesSold": "144666500",
        "operatingIncome": "29321500",
        "sellingGeneralAndAdministrative": "4512500",
        "researchAndDevelopment": "2567000",
        "operatingExpenses": "11685499",
        "investmentIncomeNet": "None",
        "netInterestIncome": "None",
        "interestIncome": "None",
        "interestExpense": "None",
        "nonInterestIncome": "None",
        "otherNonOperatingIncome": "None",
        "depreciation": "None",
        "depreciationAndAmortization": "307000",
        "incomeBeforeTax": "29897500",
        "incomeTaxExpense": "1352000",
        "interestAndDebtExpense": "None",
        "netIncomeFromContinuingOperations": "None",
        "comprehensiveIncomeNetOfTax": "None",
        "ebit": "29321500",
        "ebitda": "29628500",
        "netIncome": "28545500"
      }
    ]
  }
}