{
  "ticker": "XOS",
  "balanceSheet": {
    "symbol": "XOS",
    "annualReports": [
      {
        "fiscalDateEnding": "2024-12-31",
        "reportedCurrency": "USD",
        "totalAssets": "98333000",
        "totalCurrentAssets": "82301000",
        "cashAndCashEquivalentsAtCarryingValue": "10996000",
        "cashAndShortTermInvestments": "10996000",
        "inventory": "36567000",
        "currentNetReceivables": "29233000",
        "totalNonCurrentAssets": "16032000",
        "propertyPlantEquipment": "None",
        "accumulatedDepreciationAmortizationPPE": "None",
        "intangibleAssets": "None",
        "intangibleAssetsExcludingGoodwill": "None",
        "goodwill": "None",
        "investments": "None",
        "longTermInvestments": "None",
        "shortTermInvestments": "None",
        "otherCurrentAssets": "5505000",
        "otherNonCurrentAssets": "None",
        "totalLiabilities": "64723000",
        "totalCurrentLiabilities": "46669000",
        "currentAccountsPayable": "8931000",
        "deferredRevenue": "None",
        "currentDebt": "None",
        "shortTermDebt": "25709000",
        "totalNonCurrentLiabilities": "18054000",
        "capitalLeaseObligations": "21156000",
        "longTermDebt": "224000",
        "currentLongTermDebt": "21627000",
        "longTermDebtNoncurrent": "None",
        "shortLongTermDebtTotal": "43007000",
        "otherCurrentLiabilities": "10494000",
        "otherNonCurrentLiabilities": "None",
        "totalShareholderEquity": "33610000",
        "treasuryStock": "None",
        "retainedEarnings": "-203420000",
        "commonStock": "1000",
        "commonStockSharesOutstanding": "7500000"
      },
      {
        "fiscalDateEnding": "2023-12-31",
        "reportedCurrency": "USD",
        "totalAssets": "93684000",
        "totalCurrentAssets": "71695000",
        "cashAndCashEquivalentsAtCarryingValue": "11640000",
        "cashAndShortTermInvestments": "11640000",
        "inventory": "37843000",
        "currentNetReceivables": "15953000",
        "totalNonCurrentAssets": "21989000",
        "propertyPlantEquipment": "None",
        "accumulatedDepreciationAmortizationPPE": "None",
        "intangibleAssets": "None",
        "intangibleAssetsExcludingGoodwill": "None",
        "goodwill": "None",
        "investments": "None",
        "longTermInvestments": "None",
        "shortTermInvestments": "0",
        "otherCurrentAssets": "6259000",
        "otherNonCurrentAssets": "None",
        "totalLiabilities": "48488000",
        "totalCurrentLiabilities": "19573000",
        "currentAccountsPayable": "2756000",
        "deferredRevenue": "None",
        "currentDebt": "None",
        "shortTermDebt": "5022000",
        "totalNonCurrentLiabilities": "28915000",
        "capitalLeaseObligations": "8652000",
        "longTermDebt": "20513000",
        "currentLongTermDebt": "1353000",
        "longTermDebtNoncurrent": "None",
        "shortLongTermDebtTotal": "30518000",
        "otherCurrentLiabilities": "8741000",
        "otherNonCurrentLiabilities": "39000",
        "totalShareholderEquity": "45196000",
        "treasuryStock": "None",
        "retainedEarnings": "-153261000",
        "commonStock": "1000",
        "commonStockSharesOutstanding": "5787000"
      },
      {
        "fiscalDateEnding": "2022-12-31",
        "reportedCurrency": "USD",
        "totalAssets": "189936000",
        "totalCurrentAssets": "163201000",
        "cashAndCashEquivalentsAtCarryingValue": "35631000",
        "cashAndShortTermInvestments": "35631000",
        "inventory": "57540000",
        "currentNetReceivables": "8528000",
        "totalNonCurrentAssets": "26735000",
        "propertyPlantEquipment": "None",
        "accumulatedDepreciationAmortizationPPE": "None",
        "intangibleAssets": "None",
        "intangibleAssetsExcludingGoodwill": "None",
        "goodwill": "None",
        "investments": "None",
        "longTermInvestments": "0",
        "shortTermInvestments": "50648000",
        "otherCurrentAssets": "10854000",
        "otherNonCurrentAssets": "None",
        "totalLiabilities": "77861000",
        "totalCurrentLiabilities": "45766000",
        "currentAccountsPayable": "2896000",
        "deferredRevenue": "None",
        "currentDebt": "None",
        "shortTermDebt": "32863000",
        "totalNonCurrentLiabilities": "32095000",
        "capitalLeaseObligations": "10804000",
        "longTermDebt": "19870000",
        "currentLongTermDebt": "28965000",
        "longTermDebtNoncurrent": "None",
        "shortLongTermDebtTotal": "62949000",
        "otherCurrentLiabilities": "9093000",
        "otherNonCurrentLiabilities": "564000",
        "totalShareholderEquity": "112075000",
        "treasuryStock": "None",
        "retainedEarnings": "-77418000",
        "commonStock": "1000",
        "commonStockSharesOutstanding": "5812000"
      },
      {
        "fiscalDateEnding": "2021-12-31",
        "reportedCurrency": "USD",
        "totalAssets": "228706000",
        "totalCurrentAssets": "165958000",
        "cashAndCashEquivalentsAtCarryingValue": "16142000",
        "cashAndShortTermInvestments": "16142000",
        "inventory": "30883000",
        "currentNetReceivables": "3353000",
        "totalNonCurrentAssets": "62748000",
        "propertyPlantEquipment": "7426000",
        "accumulatedDepreciationAmortizationPPE": "None",
        "intangibleAssets": "None",
        "intangibleAssetsExcludingGoodwill": "None",
        "goodwill": "None",
        "investments": "None",
        "longTermInvestments": "54816000",
        "shortTermInvestments": "94696000",
        "otherCurrentAssets": "20884000",
        "otherNonCurrentAssets": "None",
        "totalLiabilities": "54313000",
        "totalCurrentLiabilities": "15983000",
        "currentAccountsPayable": "10122000",
        "deferredRevenue": "None",
        "currentDebt": "None",
        "shortTermDebt": "482000",
        "totalNonCurrentLiabilities": "38330000",
        "capitalLeaseObligations": "0",
        "longTermDebt": "1594000",
        "currentLongTermDebt": "482000",
        "longTermDebtNoncurrent": "None",
        "shortLongTermDebtTotal": "2076000",
        "otherCurrentLiabilities": "4480000",
        "otherNonCurrentLiabilities": "29240000",
        "totalShareholderEquity": "174393000",
        "treasuryStock": "None",
        "retainedEarnings": "-4093000",
        "commonStock": "16000",
        "commonStockSharesOutstanding": "3592863"
      },
      {
        "fiscalDateEnding": "2020-12-31",
        "reportedCurrency": "USD",
        "totalAssets": "13774000",
        "totalCurrentAssets": "12690000",
        "cashAndCashEquivalentsAtCarryingValue": "10359000",
        "cashAndShortTermInvestments": "10359000",
        "inventory": "1867000",
        "currentNetReceivables": "408000",
        "totalNonCurrentAssets": "1084000",
        "propertyPlantEquipment": "1084000",
        "accumulatedDepreciationAmortizationPPE": "None",
        "intangibleAssets": "None",
        "intangibleAssetsExcludingGoodwill": "None",
        "goodwill": "None",
        "investments": "None",
        "longTermInvestments": "0",
        "shortTermInvestments": "375007",
        "otherCurrentAssets": "56000",
        "otherNonCurrentAssets": "None",
        "totalLiabilities": "40971000",
        "totalCurrentLiabilities": "32943000",
        "currentAccountsPayable": "1168000",
        "deferredRevenue": "None",
        "currentDebt": "None",
        "shortTermDebt": "18532000",
        "totalNonCurrentLiabilities": "8028000",
        "capitalLeaseObligations": "None",
        "longTermDebt": "166000",
        "currentLongTermDebt": "18532000",
        "longTermDebtNoncurrent": "None",
        "shortLongTermDebtTotal": "18698000",
        "otherCurrentLiabilities": "12512000",
        "otherNonCurrentLiabilities": "None",
        "totalShareholderEquity": "-27197000",
        "treasuryStock": "None",
        "retainedEarnings": "-27494000",
        "commonStock": "7000",
        "commonStockSharesOutstanding": "2400898"
      },
      {
        "fiscalDateEnding": "2019-12-31",
        "reportedCurrency": "USD",
        "totalAssets": "2756000",
        "totalCurrentAssets": "1783000",
        "cashAndCashEquivalentsAtCarryingValue": "19000",
        "cashAndShortTermInvestments": "19000",
        "inventory": "1569000",
        "currentNetReceivables": "179000",
        "totalNonCurrentAssets": "973000",
        "propertyPlantEquipment": "973000",
        "accumulatedDepreciationAmortizationPPE": "None",
        "intangibleAssets": "None",
        "intangibleAssetsExcludingGoodwill": "None",
        "goodwill": "None",
        "investments": "None",
        "longTermInvestments": "None",
        "shortTermInvestments": "None",
        "otherCurrentAssets": "16000",
        "otherNonCurrentAssets": "None",
        "totalLiabilities": "13290000",
        "totalCurrentLiabilities": "6010000",
        "currentAccountsPayable": "1478000",
        "deferredRevenue": "None",
        "currentDebt": "None",
        "shortTermDebt": "1081000",
        "totalNonCurrentLiabilities": "7280000",
        "capitalLeaseObligations": "None",
        "longTermDebt": "None",
        "currentLongTermDebt": "None",
        "longTermDebtNoncurrent": "None",
        "shortLongTermDebtTotal": "7671000",
        "otherCurrentLiabilities": "3451000",
        "otherNonCurrentLiabilities": "None",
        "totalShareholderEquity": "-10534000",
        "treasuryStock": "None",
        "retainedEarnings": "-10827000",
        "commonStock": "4000",
        "commonStockSharesOutstanding": "1183825"
      },
      {
        "fiscalDateEnding": "2018-12-31",
        "reportedCurrency": "USD",
        "totalAssets": "2074000",
        "totalCurrentAssets": "1177000",
        "cashAndCashEquivalentsAtCarryingValue": "860000",
        "cashAndShortTermInvestments": "860000",
        "inventory": "317000",
        "currentNetReceivables": "None",
        "totalNonCurrentAssets": "897000",
        "propertyPlantEquipment": "897000",
        "accumulatedDepreciationAmortizationPPE": "None",
        "intangibleAssets": "None",
        "intangibleAssetsExcludingGoodwill": "None",
        "goodwill": "None",
        "investments": "None",
        "longTermInvestments": "None",
        "shortTermInvestments": "None",
        "otherCurrentAssets": "None",
        "otherNonCurrentAssets": "None",
        "totalLiabilities": "7964000",
        "totalCurrentLiabilities": "1352000",
        "currentAccountsPayable": "719000",
        "deferredRevenue": "None",
        "currentDebt": "None",
        "shortTermDebt": "70000",
        "totalNonCurrentLiabilities": "6612000",
        "capitalLeaseObligations": "None",
        "longTermDebt": "None",
        "currentLongTermDebt": "None",
        "longTermDebtNoncurrent": "None",
        "shortLongTermDebtTotal": "6255000",
        "otherCurrentLiabilities": "563000",
        "otherNonCurrentLiabilities": "None",
        "totalShareholderEquity": "-5890000",
        "treasuryStock": "None",
        "retainedEarnings": "-5894000",
        "commonStock": "2000",
        "commonStockSharesOutstanding": "786998"
      }
    ],
    "quarterlyReports": [
      {
        "fiscalDateEnding": "2025-09-30",
        "reportedCurrency": "USD",
        "totalAssets": "73810000",
        "totalCurrentAssets": "62526000",
        "cashAndCashEquivalentsAtCarryingValue": "14066000",
        "cashAndShortTermInvestments": "14066000",
        "inventory": "25224000",
        "currentNetReceivables": "15375000",
        "totalNonCurrentAssets": "11284000",
        "propertyPlantEquipment": "None",
        "accumulatedDepreciationAmortizationPPE": "None",
        "intangibleAssets": "None",
        "intangibleAssetsExcludingGoodwill": "None",
        "goodwill": "None",
        "investments": "None",
        "longTermInvestments": "None",
        "shortTermInvestments": "None",
        "otherCurrentAssets": "7861000",
        "otherNonCurrentAssets": "None",
        "totalLiabilities": "42750000",
        "totalCurrentLiabilities": "25960000",
        "currentAccountsPayable": "4864000",
        "deferredRevenue": "None",
        "currentDebt": "None",
        "shortTermDebt": "None",
        "totalNonCurrentLiabilities": "16790000",
        "capitalLeaseObligations": "4296000",
        "longTermDebt": "14000000",
        "currentLongTermDebt": "7668000",
        "longTermDebtNoncurrent": "None",
        "shortLongTermDebtTotal": "14000000",
        "otherCurrentLiabilities": "21096000",
        "otherNonCurrentLiabilities": "None",
        "totalShareholderEquity": "31060000",
        "treasuryStock": "None",
        "retainedEarnings": "-218988000",
        "commonStock": "221000",
        "commonStockSharesOutstanding": "9753000"
      },
      {
        "fiscalDateEnding": "2025-06-30",
        "reportedCurrency": "USD",
        "totalAssets": "80349000",
        "totalCurrentAssets": "66634000",
        "cashAndCashEquivalentsAtCarryingValue": "8785000",
        "cashAndShortTermInvestments": "8785000",
        "inventory": "31012000",
        "currentNetReceivables": "19987000",
        "totalNonCurrentAssets": "13715000",
        "propertyPlantEquipment": "None",
        "accumulatedDepreciationAmortizationPPE": "None",
        "intangibleAssets": "None",
        "intangibleAssetsExcludingGoodwill": "None",
        "goodwill": "None",
        "investments": "None",
        "longTermInvestments": "None",
        "shortTermInvestments": "None",
        "otherCurrentAssets": "6850000",
        "otherNonCurrentAssets": "None",
        "totalLiabilities": "62021000",
        "totalCurrentLiabilities": "30068000",
        "currentAccountsPayable": "4932000",
        "deferredRevenue": "None",
        "currentDebt": "None",
        "shortTermDebt": "10976000",
        "totalNonCurrentLiabilities": "31953000",
        "capitalLeaseObligations": "20533000",
        "longTermDebt": "15662000",
        "currentLongTermDebt": "5845000",
        "longTermDebtNoncurrent": "None",
        "shortLongTermDebtTotal": "42040000",
        "otherCurrentLiabilities": "12602000",
        "otherNonCurrentLiabilities": "None",
        "totalShareholderEquity": "18328000",
        "treasuryStock": "None",
        "retainedEarnings": "-221111000",
        "commonStock": "1000",
        "commonStockSharesOutstanding": "8287000"
      },
      {
        "fiscalDateEnding": "2025-03-31",
        "reportedCurrency": "USD",
        "totalAssets": "87681000",
        "totalCurrentAssets": "73089000",
        "cashAndCashEquivalentsAtCarryingValue": "4758000",
        "cashAndShortTermInvestments": "4758000",
        "inventory": "38006000",
        "currentNetReceivables": "24640000",
        "totalNonCurrentAssets": "14592000",
        "propertyPlantEquipment": "None",
        "accumulatedDepreciationAmortizationPPE": "None",
        "intangibleAssets": "None",
        "intangibleAssetsExcludingGoodwill": "None",
        "goodwill": "None",
        "investments": "None",
        "longTermInvestments": "None",
        "shortTermInvestments": "None",
        "otherCurrentAssets": "5685000",
        "otherNonCurrentAssets": "None",
        "totalLiabilities": "62874000",
        "totalCurrentLiabilities": "45374000",
        "currentAccountsPayable": "6514000",
        "deferredRevenue": "None",
        "currentDebt": "None",
        "shortTermDebt": "26179000",
        "totalNonCurrentLiabilities": "17500000",
        "capitalLeaseObligations": "21831000",
        "longTermDebt": "189000",
        "currentLongTermDebt": "20859000",
        "longTermDebtNoncurrent": "None",
        "shortLongTermDebtTotal": "42879000",
        "otherCurrentLiabilities": "11513000",
        "otherNonCurrentLiabilities": "None",
        "totalShareholderEquity": "24807000",
        "treasuryStock": "None",
        "retainedEarnings": "-213606000",
        "commonStock": "1000",
        "commonStockSharesOutstanding": "8076000"
      },
      {
        "fiscalDateEnding": "2024-12-31",
        "reportedCurrency": "USD",
        "totalAssets": "98333000",
        "totalCurrentAssets": "82301000",
        "cashAndCashEquivalentsAtCarryingValue": "10996000",
        "cashAndShortTermInvestments": "10996000",
        "inventory": "36567000",
        "currentNetReceivables": "29233000",
        "totalNonCurrentAssets": "16032000",
        "propertyPlantEquipment": "None",
        "accumulatedDepreciationAmortizationPPE": "None",
        "intangibleAssets": "None",
        "intangibleAssetsExcludingGoodwill": "None",
        "goodwill": "None",
        "investments": "None",
        "longTermInvestments": "None",
        "shortTermInvestments": "None",
        "otherCurrentAssets": "5505000",
        "otherNonCurrentAssets": "None",
        "totalLiabilities": "64723000",
        "totalCurrentLiabilities": "46669000",
        "currentAccountsPayable": "8931000",
        "deferredRevenue": "None",
        "currentDebt": "None",
        "shortTermDebt": "25709000",
        "totalNonCurrentLiabilities": "18054000",
        "capitalLeaseObligations": "21156000",
        "longTermDebt": "224000",
        "currentLongTermDebt": "21627000",
        "longTermDebtNoncurrent": "None",
        "shortLongTermDebtTotal": "43007000",
        "otherCurrentLiabilities": "10494000",
        "otherNonCurrentLiabilities": "None",
        "totalShareholderEquity": "33610000",
        "treasuryStock": "None",
        "retainedEarnings": "-203420000",
        "commonStock": "1000",
        "commonStockSharesOutstanding": "8034000"
      },
      {
        "fiscalDateEnding": "2024-09-30",
        "reportedCurrency": "USD",
        "totalAssets": "120513000",
        "totalCurrentAssets": "97577000",
        "cashAndCashEquivalentsAtCarryingValue": "8432000",
        "cashAndShortTermInvestments": "8432000",
        "inventory": "42398000",
        "currentNetReceivables": "38647000",
        "totalNonCurrentAssets": "22936000",
        "propertyPlantEquipment": "None",
        "accumulatedDepreciationAmortizationPPE": "None",
        "intangibleAssets": "None",
        "intangibleAssetsExcludingGoodwill": "None",
        "goodwill": "None",
        "investments": "None",
        "longTermInvestments": "None",
        "shortTermInvestments": "None",
        "otherCurrentAssets": "8100000",
        "otherNonCurrentAssets": "None",
        "totalLiabilities": "69672000",
        "totalCurrentLiabilities": "50187000",
        "currentAccountsPayable": "8920000",
        "deferredRevenue": "None",
        "currentDebt": "None",
        "shortTermDebt": "26948000",
        "totalNonCurrentLiabilities": "19485000",
        "capitalLeaseObligations": "22552000",
        "longTermDebt": "304000",
        "currentLongTermDebt": "22434000",
        "longTermDebtNoncurrent": "None",
        "shortLongTermDebtTotal": "45290000",
        "otherCurrentLiabilities": "12378000",
        "otherNonCurrentLiabilities": "6000",
        "totalShareholderEquity": "50841000",
        "treasuryStock": "None",
        "retainedEarnings": "-184439000",
        "commonStock": "1000",
        "commonStockSharesOutstanding": "7984000"
      },
      {
        "fiscalDateEnding": "2024-06-30",
        "reportedCurrency": "USD",
        "totalAssets": "123431000",
        "totalCurrentAssets": "100121000",
        "cashAndCashEquivalentsAtCarryingValue": "19656000",
        "cashAndShortTermInvestments": "19656000",
        "inventory": "44157000",
        "currentNetReceivables": "30059000",
        "totalNonCurrentAssets": "23310000",
        "propertyPlantEquipment": "None",
        "accumulatedDepreciationAmortizationPPE": "None",
        "intangibleAssets": "None",
        "intangibleAssetsExcludingGoodwill": "None",
        "goodwill": "None",
        "investments": "None",
        "longTermInvestments": "None",
        "shortTermInvestments": "None",
        "otherCurrentAssets": "6249000",
        "otherNonCurrentAssets": "None",
        "totalLiabilities": "64207000",
        "totalCurrentLiabilities": "20050000",
        "currentAccountsPayable": "3097000",
        "deferredRevenue": "None",
        "currentDebt": "None",
        "shortTermDebt": "6591000",
        "totalNonCurrentLiabilities": "44157000",
        "capitalLeaseObligations": "23696000",
        "longTermDebt": "20441000",
        "currentLongTermDebt": "1704000",
        "longTermDebtNoncurrent": "None",
        "shortLongTermDebtTotal": "45841000",
        "otherCurrentLiabilities": "10362000",
        "otherNonCurrentLiabilities": "6000",
        "totalShareholderEquity": "59224000",
        "treasuryStock": "None",
        "retainedEarnings": "-173927000",
        "commonStock": "1000",
        "commonStockSharesOutstanding": "7864000"
      },
      {
        "fiscalDateEnding": "2024-03-31",
        "reportedCurrency": "USD",
        "totalAssets": "134980000",
        "totalCurrentAssets": "112801000",
        "cashAndCashEquivalentsAtCarryingValue": "46168000",
        "cashAndShortTermInvestments": "46168000",
        "inventory": "36621000",
        "currentNetReceivables": "20720000",
        "totalNonCurrentAssets": "22179000",
        "propertyPlantEquipment": "None",
        "accumulatedDepreciationAmortizationPPE": "None",
        "intangibleAssets": "None",
        "intangibleAssetsExcludingGoodwill": "None",
        "goodwill": "None",
        "investments": "None",
        "longTermInvestments": "None",
        "shortTermInvestments": "None",
        "otherCurrentAssets": "9292000",
        "otherNonCurrentAssets": "None",
        "totalLiabilities": "67174000",
        "totalCurrentLiabilities": "22305000",
        "currentAccountsPayable": "2272000",
        "deferredRevenue": "None",
        "currentDebt": "None",
        "shortTermDebt": "5961000",
        "totalNonCurrentLiabilities": "44869000",
        "capitalLeaseObligations": "24966000",
        "longTermDebt": "20429000",
        "currentLongTermDebt": "1053000",
        "longTermDebtNoncurrent": "None",
        "shortLongTermDebtTotal": "46448000",
        "otherCurrentLiabilities": "11627000",
        "otherNonCurrentLiabilities": "42000",
        "totalShareholderEquity": "67806000",
        "treasuryStock": "None",
        "retainedEarnings": "-164264000",
        "commonStock": "1000",
        "commonStockSharesOutstanding": "6108000"
      },
      {
        "fiscalDateEnding": "2023-12-31",
        "reportedCurrency": "USD",
        "totalAssets": "93684000",
        "totalCurrentAssets": "71695000",
        "cashAndCashEquivalentsAtCarryingValue": "11640000",
        "cashAndShortTermInvestments": "11640000",
        "inventory": "37843000",
        "currentNetReceivables": "15953000",
        "totalNonCurrentAssets": "21989000",
        "propertyPlantEquipment": "None",
        "accumulatedDepreciationAmortizationPPE": "None",
        "intangibleAssets": "None",
        "intangibleAssetsExcludingGoodwill": "None",
        "goodwill": "None",
        "investments": "None",
        "longTermInvestments": "None",
        "shortTermInvestments": "0",
        "otherCurrentAssets": "6259000",
        "otherNonCurrentAssets": "None",
        "totalLiabilities": "48488000",
        "totalCurrentLiabilities": "19573000",
        "currentAccountsPayable": "2756000",
        "deferredRevenue": "None",
        "currentDebt": "None",
        "shortTermDebt": "5022000",
        "totalNonCurrentLiabilities": "28915000",
        "capitalLeaseObligations": "8652000",
        "longTermDebt": "20513000",
        "currentLongTermDebt": "1353000",
        "longTermDebtNoncurrent": "None",
        "shortLongTermDebtTotal": "30518000",
        "otherCurrentLiabilities": "8741000",
        "otherNonCurrentLiabilities": "39000",
        "totalShareholderEquity": "45196000",
        "treasuryStock": "None",
        "retainedEarnings": "-153261000",
        "commonStock": "1000",
        "commonStockSharesOutstanding": "5933000"
      },
      {
        "fiscalDateEnding": "2023-09-30",
        "reportedCurrency": "USD",
        "totalAssets": "114185000",
        "totalCurrentAssets": "91475000",
        "cashAndCashEquivalentsAtCarryingValue": "22570000",
        "cashAndShortTermInvestments": "22570000",
        "inventory": "48903000",
        "currentNetReceivables": "12487000",
        "totalNonCurrentAssets": "22710000",
        "propertyPlantEquipment": "None",
        "accumulatedDepreciationAmortizationPPE": "None",
        "intangibleAssets": "None",
        "intangibleAssetsExcludingGoodwill": "None",
        "goodwill": "None",
        "investments": "None",
        "longTermInvestments": "None",
        "shortTermInvestments": "0",
        "otherCurrentAssets": "7515000",
        "otherNonCurrentAssets": "None",
        "totalLiabilities": "56625000",
        "totalCurrentLiabilities": "27169000",
        "currentAccountsPayable": "2431000",
        "deferredRevenue": "None",
        "currentDebt": "None",
        "shortTermDebt": "13618000",
        "totalNonCurrentLiabilities": "29456000",
        "capitalLeaseObligations": "9539000",
        "longTermDebt": "19907000",
        "currentLongTermDebt": "7939000",
        "longTermDebtNoncurrent": "None",
        "shortLongTermDebtTotal": "40136000",
        "otherCurrentLiabilities": "7466000",
        "otherNonCurrentLiabilities": "115000",
        "totalShareholderEquity": "57560000",
        "treasuryStock": "None",
        "retainedEarnings": "-139434000",
        "commonStock": "18000",
        "commonStockSharesOutstanding": "5876361"
      },
      {
        "fiscalDateEnding": "2023-06-30",
        "reportedCurrency": "USD",
        "totalAssets": "134493000",
        "totalCurrentAssets": "110771000",
        "cashAndCashEquivalentsAtCarryingValue": "27804000",
        "cashAndShortTermInvestments": "27804000",
        "inventory": "55526000",
        "currentNetReceivables": "7318000",
        "totalNonCurrentAssets": "23722000",
        "propertyPlantEquipment": "22123000",
        "accumulatedDepreciationAmortizationPPE": "None",
        "intangibleAssets": "None",
        "intangibleAssetsExcludingGoodwill": "None",
        "goodwill": "None",
        "investments": "None",
        "longTermInvestments": "None",
        "shortTermInvestments": "13342000",
        "otherCurrentAssets": "6781000",
        "otherNonCurrentAssets": "None",
        "totalLiabilities": "65233000",
        "totalCurrentLiabilities": "34520000",
        "currentAccountsPayable": "2324000",
        "deferredRevenue": "None",
        "currentDebt": "None",
        "shortTermDebt": "21419000",
        "totalNonCurrentLiabilities": "30713000",
        "capitalLeaseObligations": "8964000",
        "longTermDebt": "19895000",
        "currentLongTermDebt": "15985000",
        "longTermDebtNoncurrent": "None",
        "shortLongTermDebtTotal": "49460000",
        "otherCurrentLiabilities": "8748000",
        "otherNonCurrentLiabilities": "47000",
        "totalShareholderEquity": "69260000",
        "treasuryStock": "None",
        "retainedEarnings": "-125327000",
        "commonStock": "17000",
        "commonStockSharesOutstanding": "5699961"
      },
      {
        "fiscalDateEnding": "2023-03-31",
        "reportedCurrency": "USD",
        "totalAssets": "162215000",
        "totalCurrentAssets": "136470000",
        "cashAndCashEquivalentsAtCarryingValue": "36489000",
        "cashAndShortTermInvestments": "36489000",
        "inventory": "57007000",
        "currentNetReceivables": "8102000",
        "totalNonCurrentAssets": "25745000",
        "propertyPlantEquipment": "None",
        "accumulatedDepreciationAmortizationPPE": "None",
        "intangibleAssets": "None",
        "intangibleAssetsExcludingGoodwill": "None",
        "goodwill": "None",
        "investments": "None",
        "longTermInvestments": "None",
        "shortTermInvestments": "27528000",
        "otherCurrentAssets": "7344000",
        "otherNonCurrentAssets": "None",
        "totalLiabilities": "72464000",
        "totalCurrentLiabilities": "40833000",
        "currentAccountsPayable": "3533000",
        "deferredRevenue": "None",
        "currentDebt": "None",
        "shortTermDebt": "26458000",
        "totalNonCurrentLiabilities": "31631000",
        "capitalLeaseObligations": "9887000",
        "longTermDebt": "19882000",
        "currentLongTermDebt": "19635000",
        "longTermDebtNoncurrent": "None",
        "shortLongTermDebtTotal": "55530000",
        "otherCurrentLiabilities": "8884000",
        "otherNonCurrentLiabilities": "11749000",
        "totalShareholderEquity": "89751000",
        "treasuryStock": "None",
        "retainedEarnings": "-101749000",
        "commonStock": "17000",
        "commonStockSharesOutstanding": "5627628"
      },
      {
        "fiscalDateEnding": "2022-12-31",
        "reportedCurrency": "USD",
        "totalAssets": "189936000",
        "totalCurrentAssets": "163201000",
        "cashAndCashEquivalentsAtCarryingValue": "35631000",
        "cashAndShortTermInvestments": "35631000",
        "inventory": "57540000",
        "currentNetReceivables": "8528000",
        "totalNonCurrentAssets": "26735000",
        "propertyPlantEquipment": "25136000",
        "accumulatedDepreciationAmortizationPPE": "None",
        "intangibleAssets": "None",
        "intangibleAssetsExcludingGoodwill": "None",
        "goodwill": "None",
        "investments": "None",
        "longTermInvestments": "13218000",
        "shortTermInvestments": "50648000",
        "otherCurrentAssets": "10854000",
        "otherNonCurrentAssets": "None",
        "totalLiabilities": "77861000",
        "totalCurrentLiabilities": "45766000",
        "currentAccountsPayable": "2896000",
        "deferredRevenue": "None",
        "currentDebt": "None",
        "shortTermDebt": "32863000",
        "totalNonCurrentLiabilities": "32095000",
        "capitalLeaseObligations": "10804000",
        "longTermDebt": "11214000",
        "currentLongTermDebt": "28965000",
        "longTermDebtNoncurrent": "None",
        "shortLongTermDebtTotal": "62949000",
        "otherCurrentLiabilities": "9093000",
        "otherNonCurrentLiabilities": "16121000",
        "totalShareholderEquity": "112075000",
        "treasuryStock": "None",
        "retainedEarnings": "-77418000",
        "commonStock": "1000",
        "commonStockSharesOutstanding": "5600928"
      },
      {
        "fiscalDateEnding": "2022-09-30",
        "reportedCurrency": "USD",
        "totalAssets": "226236000",
        "totalCurrentAssets": "199680000",
        "cashAndCashEquivalentsAtCarryingValue": "46433000",
        "cashAndShortTermInvestments": "46433000",
        "inventory": "66306000",
        "currentNetReceivables": "4150000",
        "totalNonCurrentAssets": "26556000",
        "propertyPlantEquipment": "24956000",
        "accumulatedDepreciationAmortizationPPE": "None",
        "intangibleAssets": "None",
        "intangibleAssetsExcludingGoodwill": "None",
        "goodwill": "None",
        "investments": "None",
        "longTermInvestments": "0",
        "shortTermInvestments": "59700000",
        "otherCurrentAssets": "23091000",
        "otherNonCurrentAssets": "None",
        "totalLiabilities": "98422000",
        "totalCurrentLiabilities": "25999000",
        "currentAccountsPayable": "5239000",
        "deferredRevenue": "None",
        "currentDebt": "None",
        "shortTermDebt": "3612000",
        "totalNonCurrentLiabilities": "72423000",
        "capitalLeaseObligations": "13805000",
        "longTermDebt": "53722000",
        "currentLongTermDebt": "None",
        "longTermDebtNoncurrent": "None",
        "shortLongTermDebtTotal": "67527000",
        "otherCurrentLiabilities": "15951000",
        "otherNonCurrentLiabilities": "5150000",
        "totalShareholderEquity": "127814000",
        "treasuryStock": "None",
        "retainedEarnings": "-58001000",
        "commonStock": "17000",
        "commonStockSharesOutstanding": "1659010"
      },
      {
        "fiscalDateEnding": "2022-06-30",
        "reportedCurrency": "USD",
        "totalAssets": "206817000",
        "totalCurrentAssets": "168035000",
        "cashAndCashEquivalentsAtCarryingValue": "4251000",
        "cashAndShortTermInvestments": "4251000",
        "inventory": "62197000",
        "currentNetReceivables": "12931000",
        "totalNonCurrentAssets": "38782000",
        "propertyPlantEquipment": "24060000",
        "accumulatedDepreciationAmortizationPPE": "None",
        "intangibleAssets": "None",
        "intangibleAssetsExcludingGoodwill": "None",
        "goodwill": "None",
        "investments": "None",
        "longTermInvestments": "13218000",
        "shortTermInvestments": "64651000",
        "otherCurrentAssets": "740000",
        "otherNonCurrentAssets": "None",
        "totalLiabilities": "57387000",
        "totalCurrentLiabilities": "30528000",
        "currentAccountsPayable": "8761000",
        "deferredRevenue": "None",
        "currentDebt": "None",
        "shortTermDebt": "3520000",
        "totalNonCurrentLiabilities": "26859000",
        "capitalLeaseObligations": "14258000",
        "longTermDebt": "10738000",
        "currentLongTermDebt": "None",
        "longTermDebtNoncurrent": "None",
        "shortLongTermDebtTotal": "14258000",
        "otherCurrentLiabilities": "17179000",
        "otherNonCurrentLiabilities": "16121000",
        "totalShareholderEquity": "149430000",
        "treasuryStock": "None",
        "retainedEarnings": "-34746000",
        "commonStock": "17000",
        "commonStockSharesOutstanding": "164041000"
      },
      {
        "fiscalDateEnding": "2022-03-31",
        "reportedCurrency": "USD",
        "totalAssets": "215975000",
        "totalCurrentAssets": "169388000",
        "cashAndCashEquivalentsAtCarryingValue": "11810000",
        "cashAndShortTermInvestments": "11810000",
        "inventory": "40303000",
        "currentNetReceivables": "6848000",
        "totalNonCurrentAssets": "46587000",
        "propertyPlantEquipment": "18018000",
        "accumulatedDepreciationAmortizationPPE": "None",
        "intangibleAssets": "None",
        "intangibleAssetsExcludingGoodwill": "None",
        "goodwill": "None",
        "investments": "None",
        "longTermInvestments": "28063000",
        "shortTermInvestments": "89823000",
        "otherCurrentAssets": "17570000",
        "otherNonCurrentAssets": "None",
        "totalLiabilities": "62561000",
        "totalCurrentLiabilities": "19798000",
        "currentAccountsPayable": "7941000",
        "deferredRevenue": "None",
        "currentDebt": "None",
        "shortTermDebt": "1958000",
        "totalNonCurrentLiabilities": "42763000",
        "capitalLeaseObligations": "9853000",
        "longTermDebt": "7895000",
        "currentLongTermDebt": "None",
        "longTermDebtNoncurrent": "None",
        "shortLongTermDebtTotal": "9853000",
        "otherCurrentLiabilities": "8873000",
        "otherNonCurrentLiabilities": "34868000",
        "totalShareholderEquity": "153414000",
        "treasuryStock": "None",
        "retainedEarnings": "-25279000",
        "commonStock": "16000",
        "commonStockSharesOutstanding": "5438828"
      },
      {
        "fiscalDateEnding": "2021-12-31",
        "reportedCurrency": "USD",
        "totalAssets": "228706000",
        "totalCurrentAssets": "165958000",
        "cashAndCashEquivalentsAtCarryingValue": "16142000",
        "cashAndShortTermInvestments": "16142000",
        "inventory": "30883000",
        "currentNetReceivables": "3353000",
        "totalNonCurrentAssets": "62748000",
        "propertyPlantEquipment": "7426000",
        "accumulatedDepreciationAmortizationPPE": "None",
        "intangibleAssets": "None",
        "intangibleAssetsExcludingGoodwill": "None",
        "goodwill": "None",
        "investments": "None",
        "longTermInvestments": "54816000",
        "shortTermInvestments": "94696000",
        "otherCurrentAssets": "20884000",
        "otherNonCurrentAssets": "None",
        "totalLiabilities": "54313000",
        "totalCurrentLiabilities": "15983000",
        "currentAccountsPayable": "10122000",
        "deferredRevenue": "None",
        "currentDebt": "None",
        "shortTermDebt": "482000",
        "totalNonCurrentLiabilities": "38330000",
        "capitalLeaseObligations": "None",
        "longTermDebt": "1594000",
        "currentLongTermDebt": "482000",
        "longTermDebtNoncurrent": "None",
        "shortLongTermDebtTotal": "2076000",
        "otherCurrentLiabilities": "4480000",
        "otherNonCurrentLiabilities": "29240000",
        "totalShareholderEquity": "174393000",
        "treasuryStock": "None",
        "retainedEarnings": "-4093000",
        "commonStock": "16000",
        "commonStockSharesOutstanding": "3518933"
      },
      {
        "fiscalDateEnding": "2021-09-30",
        "reportedCurrency": "USD",
        "totalAssets": "251779000",
        "totalCurrentAssets": "246645000",
        "cashAndCashEquivalentsAtCarryingValue": "207388000",
        "cashAndShortTermInvestments": "207388000",
        "inventory": "26159000",
        "currentNetReceivables": "583000",
        "totalNonCurrentAssets": "5134000",
        "propertyPlantEquipment": "4629000",
        "accumulatedDepreciationAmortizationPPE": "None",
        "intangibleAssets": "None",
        "intangibleAssetsExcludingGoodwill": "None",
        "goodwill": "None",
        "investments": "None",
        "longTermInvestments": "None",
        "shortTermInvestments": "4085000",
        "otherCurrentAssets": "8430000",
        "otherNonCurrentAssets": "None",
        "totalLiabilities": "89836000",
        "totalCurrentLiabilities": "15455000",
        "currentAccountsPayable": "12468000",
        "deferredRevenue": "None",
        "currentDebt": "None",
        "shortTermDebt": "151000",
        "totalNonCurrentLiabilities": "74381000",
        "capitalLeaseObligations": "53542000",
        "longTermDebt": "876000",
        "currentLongTermDebt": "151000",
        "longTermDebtNoncurrent": "None",
        "shortLongTermDebtTotal": "1027000",
        "otherCurrentLiabilities": "2836000",
        "otherNonCurrentLiabilities": "73505000",
        "totalShareholderEquity": "161943000",
        "treasuryStock": "None",
        "retainedEarnings": "-15606000",
        "commonStock": "16000",
        "commonStockSharesOutstanding": "3793233"
      },
      {
        "fiscalDateEnding": "2021-06-30",
        "reportedCurrency": "USD",
        "totalAssets": "34384000",
        "totalCurrentAssets": "32978000",
        "cashAndCashEquivalentsAtCarryingValue": "23617000",
        "cashAndShortTermInvestments": "23617000",
        "inventory": "6808000",
        "currentNetReceivables": "800000",
        "totalNonCurrentAssets": "1406000",
        "propertyPlantEquipment": "1406000",
        "accumulatedDepreciationAmortizationPPE": "None",
        "intangibleAssets": "None",
        "intangibleAssetsExcludingGoodwill": "None",
        "goodwill": "None",
        "investments": "None",
        "longTermInvestments": "None",
        "shortTermInvestments": "None",
        "otherCurrentAssets": "1753000",
        "otherNonCurrentAssets": "None",
        "totalLiabilities": "7207000",
        "totalCurrentLiabilities": "7106000",
        "currentAccountsPayable": "587000",
        "deferredRevenue": "None",
        "currentDebt": "None",
        "shortTermDebt": "130000",
        "totalNonCurrentLiabilities": "101000",
        "capitalLeaseObligations": "None",
        "longTermDebt": "101000",
        "currentLongTermDebt": "130000",
        "longTermDebtNoncurrent": "None",
        "shortLongTermDebtTotal": "231000",
        "otherCurrentLiabilities": "6389000",
        "otherNonCurrentLiabilities": "None",
        "totalShareholderEquity": "27177000",
        "treasuryStock": "None",
        "retainedEarnings": "-50502000",
        "commonStock": "4000",
        "commonStockSharesOutstanding": "2412964"
      },
      {
        "fiscalDateEnding": "2021-03-31",
        "reportedCurrency": "USD",
        "totalAssets": "41607000",
        "totalCurrentAssets": "40059000",
        "cashAndCashEquivalentsAtCarryingValue": "35528000",
        "cashAndShortTermInvestments": "35528000",
        "inventory": "3299000",
        "currentNetReceivables": "314000",
        "totalNonCurrentAssets": "1548000",
        "propertyPlantEquipment": "1198000",
        "accumulatedDepreciationAmortizationPPE": "None",
        "intangibleAssets": "None",
        "intangibleAssetsExcludingGoodwill": "None",
        "goodwill": "None",
        "investments": "None",
        "longTermInvestments": "None",
        "shortTermInvestments": "375007.97",
        "otherCurrentAssets": "918000",
        "otherNonCurrentAssets": "None",
        "totalLiabilities": "5273000",
        "totalCurrentLiabilities": "5138000",
        "currentAccountsPayable": "1054000",
        "deferredRevenue": "None",
        "currentDebt": "None",
        "shortTermDebt": "135000",
        "totalNonCurrentLiabilities": "135000",
        "capitalLeaseObligations": "None",
        "longTermDebt": "None",
        "currentLongTermDebt": "None",
        "longTermDebtNoncurrent": "None",
        "shortLongTermDebtTotal": "270000",
        "otherCurrentLiabilities": "3949000",
        "otherNonCurrentLiabilities": "None",
        "totalShareholderEquity": "36334000",
        "treasuryStock": "None",
        "retainedEarnings": "-41344000",
        "commonStock": "4000",
        "commonStockSharesOutstanding": "2411798"
      },
      {
        "fiscalDateEnding": "2020-12-31",
        "reportedCurrency": "USD",
        "totalAssets": "13774000",
        "totalCurrentAssets": "12690000",
        "cashAndCashEquivalentsAtCarryingValue": "10359000",
        "cashAndShortTermInvestments": "10359000",
        "inventory": "1867000",
        "currentNetReceivables": "408000",
        "totalNonCurrentAssets": "1084000",
        "propertyPlantEquipment": "None",
        "accumulatedDepreciationAmortizationPPE": "None",
        "intangibleAssets": "None",
        "intangibleAssetsExcludingGoodwill": "None",
        "goodwill": "None",
        "investments": "None",
        "longTermInvestments": "None",
        "shortTermInvestments": "375007",
        "otherCurrentAssets": "56000",
        "otherNonCurrentAssets": "None",
        "totalLiabilities": "40971000",
        "totalCurrentLiabilities": "32943000",
        "currentAccountsPayable": "1168000",
        "deferredRevenue": "None",
        "currentDebt": "None",
        "shortTermDebt": "18532000",
        "totalNonCurrentLiabilities": "8028000",
        "capitalLeaseObligations": "None",
        "longTermDebt": "None",
        "currentLongTermDebt": "None",
        "longTermDebtNoncurrent": "None",
        "shortLongTermDebtTotal": "18698000",
        "otherCurrentLiabilities": "12512000",
        "otherNonCurrentLiabilities": "None",
        "totalShareholderEquity": "-27197000",
        "treasuryStock": "None",
        "retainedEarnings": "-27494000",
        "commonStock": "7000",
        "commonStockSharesOutstanding": "2389099"
      },
      {
        "fiscalDateEnding": "2020-09-30",
        "reportedCurrency": "USD",
        "totalAssets": "None",
        "totalCurrentAssets": "None",
        "cashAndCashEquivalentsAtCarryingValue": "None",
        "cashAndShortTermInvestments": "None",
        "inventory": "None",
        "currentNetReceivables": "None",
        "totalNonCurrentAssets": "None",
        "propertyPlantEquipment": "None",
        "accumulatedDepreciationAmortizationPPE": "None",
        "intangibleAssets": "None",
        "intangibleAssetsExcludingGoodwill": "None",
        "goodwill": "None",
        "investments": "None",
        "longTermInvestments": "None",
        "shortTermInvestments": "None",
        "otherCurrentAssets": "None",
        "otherNonCurrentAssets": "None",
        "totalLiabilities": "None",
        "totalCurrentLiabilities": "None",
        "currentAccountsPayable": "None",
        "deferredRevenue": "None",
        "currentDebt": "None",
        "shortTermDebt": "None",
        "totalNonCurrentLiabilities": "None",
        "capitalLeaseObligations": "None",
        "longTermDebt": "None",
        "currentLongTermDebt": "None",
        "longTermDebtNoncurrent": "None",
        "shortLongTermDebtTotal": "None",
        "otherCurrentLiabilities": "None",
        "otherNonCurrentLiabilities": "None",
        "totalShareholderEquity": "None",
        "treasuryStock": "None",
        "retainedEarnings": "None",
        "commonStock": "None",
        "commonStockSharesOutstanding": "2409231"
      },
      {
        "fiscalDateEnding": "2020-06-30",
        "reportedCurrency": "None",
        "totalAssets": "None",
        "totalCurrentAssets": "None",
        "cashAndCashEquivalentsAtCarryingValue": "None",
        "cashAndShortTermInvestments": "None",
        "inventory": "None",
        "currentNetReceivables": "None",
        "totalNonCurrentAssets": "None",
        "propertyPlantEquipment": "None",
        "accumulatedDepreciationAmortizationPPE": "None",
        "intangibleAssets": "None",
        "intangibleAssetsExcludingGoodwill": "None",
        "goodwill": "None",
        "investments": "None",
        "longTermInvestments": "None",
        "shortTermInvestments": "None",
        "otherCurrentAssets": "None",
        "otherNonCurrentAssets": "None",
        "totalLiabilities": "None",
        "totalCurrentLiabilities": "None",
        "currentAccountsPayable": "None",
        "deferredRevenue": "None",
        "currentDebt": "None",
        "shortTermDebt": "None",
        "totalNonCurrentLiabilities": "None",
        "capitalLeaseObligations": "None",
        "longTermDebt": "None",
        "currentLongTermDebt": "None",
        "longTermDebtNoncurrent": "None",
        "shortLongTermDebtTotal": "None",
        "otherCurrentLiabilities": "None",
        "otherNonCurrentLiabilities": "None",
        "totalShareholderEquity": "None",
        "treasuryStock": "None",
        "retainedEarnings": "None",
        "commonStock": "None",
        "commonStockSharesOutstanding": "1818592"
      },
      {
        "fiscalDateEnding": "2020-03-31",
        "reportedCurrency": "USD",
        "totalAssets": "None",
        "totalCurrentAssets": "19000",
        "cashAndCashEquivalentsAtCarryingValue": "-19000",
        "cashAndShortTermInvestments": "-19000",
        "inventory": "None",
        "currentNetReceivables": "None",
        "totalNonCurrentAssets": "-19000",
        "propertyPlantEquipment": "None",
        "accumulatedDepreciationAmortizationPPE": "None",
        "intangibleAssets": "None",
        "intangibleAssetsExcludingGoodwill": "None",
        "goodwill": "None",
        "investments": "None",
        "longTermInvestments": "None",
        "shortTermInvestments": "38000",
        "otherCurrentAssets": "None",
        "otherNonCurrentAssets": "None",
        "totalLiabilities": "None",
        "totalCurrentLiabilities": "None",
        "currentAccountsPayable": "None",
        "deferredRevenue": "None",
        "currentDebt": "None",
        "shortTermDebt": "None",
        "totalNonCurrentLiabilities": "None",
        "capitalLeaseObligations": "None",
        "longTermDebt": "None",
        "currentLongTermDebt": "None",
        "longTermDebtNoncurrent": "None",
        "shortLongTermDebtTotal": "None",
        "otherCurrentLiabilities": "None",
        "otherNonCurrentLiabilities": "None",
        "totalShareholderEquity": "-10534000",
        "treasuryStock": "None",
        "retainedEarnings": "None",
        "commonStock": "None",
        "commonStockSharesOutstanding": "1227952"
      },
      {
        "fiscalDateEnding": "2001-09-30",
        "reportedCurrency": "None",
        "totalAssets": "None",
        "totalCurrentAssets": "None",
        "cashAndCashEquivalentsAtCarryingValue": "None",
        "cashAndShortTermInvestments": "None",
        "inventory": "None",
        "currentNetReceivables": "None",
        "totalNonCurrentAssets": "None",
        "propertyPlantEquipment": "None",
        "accumulatedDepreciationAmortizationPPE": "None",
        "intangibleAssets": "None",
        "intangibleAssetsExcludingGoodwill": "None",
        "goodwill": "None",
        "investments": "None",
        "longTermInvestments": "None",
        "shortTermInvestments": "None",
        "otherCurrentAssets": "None",
        "otherNonCurrentAssets": "None",
        "totalLiabilities": "None",
        "totalCurrentLiabilities": "None",
        "currentAccountsPayable": "None",
        "deferredRevenue": "None",
        "currentDebt": "None",
        "shortTermDebt": "None",
        "totalNonCurrentLiabilities": "None",
        "capitalLeaseObligations": "None",
        "longTermDebt": "None",
        "currentLongTermDebt": "None",
        "longTermDebtNoncurrent": "None",
        "shortLongTermDebtTotal": "None",
        "otherCurrentLiabilities": "None",
        "otherNonCurrentLiabilities": "None",
        "totalShareholderEquity": "None",
        "treasuryStock": "None",
        "retainedEarnings": "None",
        "commonStock": "None",
        "commonStockSharesOutstanding": "1659010"
      }
    ]
  },
  "cashFlow": {
    "symbol": "XOS",
    "annualReports": [
      {
        "fiscalDateEnding": "2024-12-31",
        "reportedCurrency": "USD",
        "operatingCashflow": "-48795000",
        "paymentsForOperatingActivities": "None",
        "proceedsFromOperatingActivities": "None",
        "changeInOperatingLiabilities": "None",
        "changeInOperatingAssets": "None",
        "depreciationDepletionAndAmortization": "5141000",
        "capitalExpenditures": "304000",
        "changeInReceivables": "None",
        "changeInInventory": "-1558000",
        "profitLoss": "None",
        "cashflowFromInvestment": "51176000",
        "cashflowFromFinancing": "-3025000",
        "proceedsFromRepaymentsOfShortTermDebt": "None",
        "paymentsForRepurchaseOfCommonStock": "None",
        "paymentsForRepurchaseOfEquity": "None",
        "paymentsForRepurchaseOfPreferredStock": "None",
        "dividendPayout": "None",
        "dividendPayoutCommonStock": "None",
        "dividendPayoutPreferredStock": "None",
        "proceedsFromIssuanceOfCommonStock": "None",
        "proceedsFromIssuanceOfLongTermDebtAndCapitalSecuritiesNet": "None",
        "proceedsFromIssuanceOfPreferredStock": "None",
        "proceedsFromRepurchaseOfEquity": "47000",
        "proceedsFromSaleOfTreasuryStock": "None",
        "changeInCashAndCashEquivalents": "None",
        "changeInExchangeRate": "None",
        "netIncome": "-50159000"
      },
      {
        "fiscalDateEnding": "2023-12-31",
        "reportedCurrency": "USD",
        "operatingCashflow": "-39286000",
        "paymentsForOperatingActivities": "None",
        "proceedsFromOperatingActivities": "None",
        "changeInOperatingLiabilities": "None",
        "changeInOperatingAssets": "None",
        "depreciationDepletionAndAmortization": "4878000",
        "capitalExpenditures": "1385000",
        "changeInReceivables": "None",
        "changeInInventory": "22049000",
        "profitLoss": "None",
        "cashflowFromInvestment": "50630000",
        "cashflowFromFinancing": "-38379000",
        "proceedsFromRepaymentsOfShortTermDebt": "None",
        "paymentsForRepurchaseOfCommonStock": "None",
        "paymentsForRepurchaseOfEquity": "None",
        "paymentsForRepurchaseOfPreferredStock": "None",
        "dividendPayout": "None",
        "dividendPayoutCommonStock": "None",
        "dividendPayoutPreferredStock": "None",
        "proceedsFromIssuanceOfCommonStock": "None",
        "proceedsFromIssuanceOfLongTermDebtAndCapitalSecuritiesNet": "None",
        "proceedsFromIssuanceOfPreferredStock": "None",
        "proceedsFromRepurchaseOfEquity": "-1060000",
        "proceedsFromSaleOfTreasuryStock": "None",
        "changeInCashAndCashEquivalents": "None",
        "changeInExchangeRate": "None",
        "netIncome": "-75843000"
      },
      {
        "fiscalDateEnding": "2022-12-31",
        "reportedCurrency": "USD",
        "operatingCashflow": "-127960000",
        "paymentsForOperatingActivities": "None",
        "proceedsFromOperatingActivities": "None",
        "changeInOperatingLiabilities": "None",
        "changeInOperatingAssets": "None",
        "depreciationDepletionAndAmortization": "3631000",
        "capitalExpenditures": "14113000",
        "changeInReceivables": "None",
        "changeInInventory": "-31285000",
        "profitLoss": "None",
        "cashflowFromInvestment": "82710000",
        "cashflowFromFinancing": "64749000",
        "proceedsFromRepaymentsOfShortTermDebt": "None",
        "paymentsForRepurchaseOfCommonStock": "None",
        "paymentsForRepurchaseOfEquity": "None",
        "paymentsForRepurchaseOfPreferredStock": "None",
        "dividendPayout": "None",
        "dividendPayoutCommonStock": "None",
        "dividendPayoutPreferredStock": "None",
        "proceedsFromIssuanceOfCommonStock": "None",
        "proceedsFromIssuanceOfLongTermDebtAndCapitalSecuritiesNet": "None",
        "proceedsFromIssuanceOfPreferredStock": "None",
        "proceedsFromRepurchaseOfEquity": "4310000",
        "proceedsFromSaleOfTreasuryStock": "None",
        "changeInCashAndCashEquivalents": "None",
        "changeInExchangeRate": "None",
        "netIncome": "-73325000"
      },
      {
        "fiscalDateEnding": "2021-12-31",
        "reportedCurrency": "USD",
        "operatingCashflow": "-88895000",
        "paymentsForOperatingActivities": "None",
        "proceedsFromOperatingActivities": "None",
        "changeInOperatingLiabilities": "None",
        "changeInOperatingAssets": "None",
        "depreciationDepletionAndAmortization": "736000",
        "capitalExpenditures": "4915000",
        "changeInReceivables": "None",
        "changeInInventory": "-29969000",
        "profitLoss": "None",
        "cashflowFromInvestment": "-155143000",
        "cashflowFromFinancing": "252855000",
        "proceedsFromRepaymentsOfShortTermDebt": "None",
        "paymentsForRepurchaseOfCommonStock": "None",
        "paymentsForRepurchaseOfEquity": "None",
        "paymentsForRepurchaseOfPreferredStock": "None",
        "dividendPayout": "335000",
        "dividendPayoutCommonStock": "335000",
        "dividendPayoutPreferredStock": "None",
        "proceedsFromIssuanceOfCommonStock": "None",
        "proceedsFromIssuanceOfLongTermDebtAndCapitalSecuritiesNet": "None",
        "proceedsFromIssuanceOfPreferredStock": "None",
        "proceedsFromRepurchaseOfEquity": "-335000",
        "proceedsFromSaleOfTreasuryStock": "None",
        "changeInCashAndCashEquivalents": "None",
        "changeInExchangeRate": "None",
        "netIncome": "23401000"
      },
      {
        "fiscalDateEnding": "2020-12-31",
        "reportedCurrency": "USD",
        "operatingCashflow": "-12338000",
        "paymentsForOperatingActivities": "None",
        "proceedsFromOperatingActivities": "None",
        "changeInOperatingLiabilities": "None",
        "changeInOperatingAssets": "None",
        "depreciationDepletionAndAmortization": "296000",
        "capitalExpenditures": "407000",
        "changeInReceivables": "None",
        "changeInInventory": "-297000",
        "profitLoss": "None",
        "cashflowFromInvestment": "-407000",
        "cashflowFromFinancing": "23085000",
        "proceedsFromRepaymentsOfShortTermDebt": "None",
        "paymentsForRepurchaseOfCommonStock": "None",
        "paymentsForRepurchaseOfEquity": "None",
        "paymentsForRepurchaseOfPreferredStock": "None",
        "dividendPayout": "9580000",
        "dividendPayoutCommonStock": "9580000",
        "dividendPayoutPreferredStock": "None",
        "proceedsFromIssuanceOfCommonStock": "None",
        "proceedsFromIssuanceOfLongTermDebtAndCapitalSecuritiesNet": "None",
        "proceedsFromIssuanceOfPreferredStock": "None",
        "proceedsFromRepurchaseOfEquity": "-3000",
        "proceedsFromSaleOfTreasuryStock": "None",
        "changeInCashAndCashEquivalents": "None",
        "changeInExchangeRate": "None",
        "netIncome": "-16667000"
      },
      {
        "fiscalDateEnding": "2019-12-31",
        "reportedCurrency": "USD",
        "operatingCashflow": "-2214000",
        "paymentsForOperatingActivities": "None",
        "proceedsFromOperatingActivities": "None",
        "changeInOperatingLiabilities": "None",
        "changeInOperatingAssets": "None",
        "depreciationDepletionAndAmortization": "239000",
        "capitalExpenditures": "314000",
        "changeInReceivables": "None",
        "changeInInventory": "-1252000",
        "profitLoss": "None",
        "cashflowFromInvestment": "-314000",
        "cashflowFromFinancing": "1687000",
        "proceedsFromRepaymentsOfShortTermDebt": "None",
        "paymentsForRepurchaseOfCommonStock": "None",
        "paymentsForRepurchaseOfEquity": "None",
        "paymentsForRepurchaseOfPreferredStock": "None",
        "dividendPayout": "None",
        "dividendPayoutCommonStock": "None",
        "dividendPayoutPreferredStock": "None",
        "proceedsFromIssuanceOfCommonStock": "None",
        "proceedsFromIssuanceOfLongTermDebtAndCapitalSecuritiesNet": "None",
        "proceedsFromIssuanceOfPreferredStock": "None",
        "proceedsFromRepurchaseOfEquity": "None",
        "proceedsFromSaleOfTreasuryStock": "None",
        "changeInCashAndCashEquivalents": "None",
        "changeInExchangeRate": "None",
        "netIncome": "-4933000"
      },
      {
        "fiscalDateEnding": "2018-12-31",
        "reportedCurrency": "USD",
        "operatingCashflow": "-3004000",
        "paymentsForOperatingActivities": "None",
        "proceedsFromOperatingActivities": "None",
        "changeInOperatingLiabilities": "None",
        "changeInOperatingAssets": "None",
        "depreciationDepletionAndAmortization": "121000",
        "capitalExpenditures": "784000",
        "changeInReceivables": "None",
        "changeInInventory": "-317000",
        "profitLoss": "None",
        "cashflowFromInvestment": "-784000",
        "cashflowFromFinancing": "4566000",
        "proceedsFromRepaymentsOfShortTermDebt": "None",
        "paymentsForRepurchaseOfCommonStock": "None",
        "paymentsForRepurchaseOfEquity": "None",
        "paymentsForRepurchaseOfPreferredStock": "None",
        "dividendPayout": "None",
        "dividendPayoutCommonStock": "None",
        "dividendPayoutPreferredStock": "None",
        "proceedsFromIssuanceOfCommonStock": "None",
        "proceedsFromIssuanceOfLongTermDebtAndCapitalSecuritiesNet": "None",
        "proceedsFromIssuanceOfPreferredStock": "None",
        "proceedsFromRepurchaseOfEquity": "None",
        "proceedsFromSaleOfTreasuryStock": "None",
        "changeInCashAndCashEquivalents": "None",
        "changeInExchangeRate": "None",
        "netIncome": "-3948000"
      }
    ],
    "quarterlyReports": [
      {
        "fiscalDateEnding": "2025-09-30",
        "reportedCurrency": "USD",
        "operatingCashflow": "3077000",
        "paymentsForOperatingActivities": "None",
        "proceedsFromOperatingActivities": "None",
        "changeInOperatingLiabilities": "None",
        "changeInOperatingAssets": "None",
        "depreciationDepletionAndAmortization": "949000",
        "capitalExpenditures": "0",
        "changeInReceivables": "None",
        "changeInInventory": "5634000",
        "profitLoss": "None",
        "cashflowFromInvestment": "43000",
        "cashflowFromFinancing": "2161000",
        "proceedsFromRepaymentsOfShortTermDebt": "None",
        "paymentsForRepurchaseOfCommonStock": "None",
        "paymentsForRepurchaseOfEquity": "None",
        "paymentsForRepurchaseOfPreferredStock": "None",
        "dividendPayout": "None",
        "dividendPayoutCommonStock": "None",
        "dividendPayoutPreferredStock": "None",
        "proceedsFromIssuanceOfCommonStock": "None",
        "proceedsFromIssuanceOfLongTermDebtAndCapitalSecuritiesNet": "None",
        "proceedsFromIssuanceOfPreferredStock": "None",
        "proceedsFromRepurchaseOfEquity": "None",
        "proceedsFromSaleOfTreasuryStock": "None",
        "changeInCashAndCashEquivalents": "None",
        "changeInExchangeRate": "None",
        "netIncome": "2123000"
      },
      {
        "fiscalDateEnding": "2025-06-30",
        "reportedCurrency": "USD",
        "operatingCashflow": "4645000",
        "paymentsForOperatingActivities": "None",
        "proceedsFromOperatingActivities": "None",
        "changeInOperatingLiabilities": "None",
        "changeInOperatingAssets": "None",
        "depreciationDepletionAndAmortization": "976000",
        "capitalExpenditures": "0",
        "changeInReceivables": "None",
        "changeInInventory": "8418000",
        "profitLoss": "None",
        "cashflowFromInvestment": "None",
        "cashflowFromFinancing": "-618000",
        "proceedsFromRepaymentsOfShortTermDebt": "None",
        "paymentsForRepurchaseOfCommonStock": "None",
        "paymentsForRepurchaseOfEquity": "None",
        "paymentsForRepurchaseOfPreferredStock": "None",
        "dividendPayout": "None",
        "dividendPayoutCommonStock": "None",
        "dividendPayoutPreferredStock": "None",
        "proceedsFromIssuanceOfCommonStock": "None",
        "proceedsFromIssuanceOfLongTermDebtAndCapitalSecuritiesNet": "None",
        "proceedsFromIssuanceOfPreferredStock": "None",
        "proceedsFromRepurchaseOfEquity": "None",
        "proceedsFromSaleOfTreasuryStock": "None",
        "changeInCashAndCashEquivalents": "None",
        "changeInExchangeRate": "None",
        "netIncome": "-7505000"
      },
      {
        "fiscalDateEnding": "2025-03-31",
        "reportedCurrency": "USD",
        "operatingCashflow": "-4756000",
        "paymentsForOperatingActivities": "None",
        "proceedsFromOperatingActivities": "None",
        "changeInOperatingLiabilities": "None",
        "changeInOperatingAssets": "None",
        "depreciationDepletionAndAmortization": "912000",
        "capitalExpenditures": "0",
        "changeInReceivables": "None",
        "changeInInventory": "-947000",
        "profitLoss": "None",
        "cashflowFromInvestment": "None",
        "cashflowFromFinancing": "-1482000",
        "proceedsFromRepaymentsOfShortTermDebt": "None",
        "paymentsForRepurchaseOfCommonStock": "None",
        "paymentsForRepurchaseOfEquity": "None",
        "paymentsForRepurchaseOfPreferredStock": "None",
        "dividendPayout": "None",
        "dividendPayoutCommonStock": "None",
        "dividendPayoutPreferredStock": "None",
        "proceedsFromIssuanceOfCommonStock": "None",
        "proceedsFromIssuanceOfLongTermDebtAndCapitalSecuritiesNet": "None",
        "proceedsFromIssuanceOfPreferredStock": "None",
        "proceedsFromRepurchaseOfEquity": "None",
        "proceedsFromSaleOfTreasuryStock": "None",
        "changeInCashAndCashEquivalents": "None",
        "changeInExchangeRate": "None",
        "netIncome": "-10186000"
      },
      {
        "fiscalDateEnding": "2024-12-31",
        "reportedCurrency": "USD",
        "operatingCashflow": "3298000",
        "paymentsForOperatingActivities": "None",
        "proceedsFromOperatingActivities": "None",
        "changeInOperatingLiabilities": "None",
        "changeInOperatingAssets": "None",
        "depreciationDepletionAndAmortization": "1361000",
        "capitalExpenditures": "0",
        "changeInReceivables": "None",
        "changeInInventory": "2376000",
        "profitLoss": "None",
        "cashflowFromInvestment": "None",
        "cashflowFromFinancing": "-1488000",
        "proceedsFromRepaymentsOfShortTermDebt": "None",
        "paymentsForRepurchaseOfCommonStock": "None",
        "paymentsForRepurchaseOfEquity": "None",
        "paymentsForRepurchaseOfPreferredStock": "None",
        "dividendPayout": "None",
        "dividendPayoutCommonStock": "None",
        "dividendPayoutPreferredStock": "None",
        "proceedsFromIssuanceOfCommonStock": "None",
        "proceedsFromIssuanceOfLongTermDebtAndCapitalSecuritiesNet": "None",
        "proceedsFromIssuanceOfPreferredStock": "None",
        "proceedsFromRepurchaseOfEquity": "-73000",
        "proceedsFromSaleOfTreasuryStock": "None",
        "changeInCashAndCashEquivalents": "None",
        "changeInExchangeRate": "None",
        "netIncome": "-18981000"
      },
      {
        "fiscalDateEnding": "2024-09-30",
        "reportedCurrency": "USD",
        "operatingCashflow": "-11517000",
        "paymentsForOperatingActivities": "None",
        "proceedsFromOperatingActivities": "None",
        "changeInOperatingLiabilities": "None",
        "changeInOperatingAssets": "None",
        "depreciationDepletionAndAmortization": "1186000",
        "capitalExpenditures": "148000",
        "changeInReceivables": "None",
        "changeInInventory": "-1581000",
        "profitLoss": "None",
        "cashflowFromInvestment": "-23000",
        "cashflowFromFinancing": "40000",
        "proceedsFromRepaymentsOfShortTermDebt": "None",
        "paymentsForRepurchaseOfCommonStock": "None",
        "paymentsForRepurchaseOfEquity": "None",
        "paymentsForRepurchaseOfPreferredStock": "None",
        "dividendPayout": "None",
        "dividendPayoutCommonStock": "None",
        "dividendPayoutPreferredStock": "None",
        "proceedsFromIssuanceOfCommonStock": "None",
        "proceedsFromIssuanceOfLongTermDebtAndCapitalSecuritiesNet": "None",
        "proceedsFromIssuanceOfPreferredStock": "None",
        "proceedsFromRepurchaseOfEquity": "610000",
        "proceedsFromSaleOfTreasuryStock": "None",
        "changeInCashAndCashEquivalents": "None",
        "changeInExchangeRate": "None",
        "netIncome": "-10512000"
      },
      {
        "fiscalDateEnding": "2024-06-30",
        "reportedCurrency": "USD",
        "operatingCashflow": "-25987000",
        "paymentsForOperatingActivities": "None",
        "proceedsFromOperatingActivities": "None",
        "changeInOperatingLiabilities": "None",
        "changeInOperatingAssets": "None",
        "depreciationDepletionAndAmortization": "1277000",
        "capitalExpenditures": "126000",
        "changeInReceivables": "None",
        "changeInInventory": "-4463000",
        "profitLoss": "None",
        "cashflowFromInvestment": "-126000",
        "cashflowFromFinancing": "-484000",
        "proceedsFromRepaymentsOfShortTermDebt": "None",
        "paymentsForRepurchaseOfCommonStock": "None",
        "paymentsForRepurchaseOfEquity": "None",
        "paymentsForRepurchaseOfPreferredStock": "None",
        "dividendPayout": "None",
        "dividendPayoutCommonStock": "None",
        "dividendPayoutPreferredStock": "None",
        "proceedsFromIssuanceOfCommonStock": "None",
        "proceedsFromIssuanceOfLongTermDebtAndCapitalSecuritiesNet": "None",
        "proceedsFromIssuanceOfPreferredStock": "None",
        "proceedsFromRepurchaseOfEquity": "-563000",
        "proceedsFromSaleOfTreasuryStock": "None",
        "changeInCashAndCashEquivalents": "None",
        "changeInExchangeRate": "None",
        "netIncome": "-9663000"
      },
      {
        "fiscalDateEnding": "2024-03-31",
        "reportedCurrency": "USD",
        "operatingCashflow": "-14589000",
        "paymentsForOperatingActivities": "None",
        "proceedsFromOperatingActivities": "None",
        "changeInOperatingLiabilities": "None",
        "changeInOperatingAssets": "None",
        "depreciationDepletionAndAmortization": "1317000",
        "capitalExpenditures": "30000",
        "changeInReceivables": "None",
        "changeInInventory": "2110000",
        "profitLoss": "None",
        "cashflowFromInvestment": "51325000",
        "cashflowFromFinancing": "-1093000",
        "proceedsFromRepaymentsOfShortTermDebt": "None",
        "paymentsForRepurchaseOfCommonStock": "None",
        "paymentsForRepurchaseOfEquity": "None",
        "paymentsForRepurchaseOfPreferredStock": "None",
        "dividendPayout": "None",
        "dividendPayoutCommonStock": "None",
        "dividendPayoutPreferredStock": "None",
        "proceedsFromIssuanceOfCommonStock": "None",
        "proceedsFromIssuanceOfLongTermDebtAndCapitalSecuritiesNet": "None",
        "proceedsFromIssuanceOfPreferredStock": "None",
        "proceedsFromRepurchaseOfEquity": "47000",
        "proceedsFromSaleOfTreasuryStock": "None",
        "changeInCashAndCashEquivalents": "None",
        "changeInExchangeRate": "None",
        "netIncome": "-11003000"
      },
      {
        "fiscalDateEnding": "2023-12-31",
        "reportedCurrency": "USD",
        "operatingCashflow": "-631000",
        "paymentsForOperatingActivities": "None",
        "proceedsFromOperatingActivities": "None",
        "changeInOperatingLiabilities": "None",
        "changeInOperatingAssets": "None",
        "depreciationDepletionAndAmortization": "413000",
        "capitalExpenditures": "221000",
        "changeInReceivables": "None",
        "changeInInventory": "12593000",
        "profitLoss": "None",
        "cashflowFromInvestment": "-221000",
        "cashflowFromFinancing": "-10870000",
        "proceedsFromRepaymentsOfShortTermDebt": "None",
        "paymentsForRepurchaseOfCommonStock": "None",
        "paymentsForRepurchaseOfEquity": "None",
        "paymentsForRepurchaseOfPreferredStock": "None",
        "dividendPayout": "None",
        "dividendPayoutCommonStock": "None",
        "dividendPayoutPreferredStock": "None",
        "proceedsFromIssuanceOfCommonStock": "None",
        "proceedsFromIssuanceOfLongTermDebtAndCapitalSecuritiesNet": "None",
        "proceedsFromIssuanceOfPreferredStock": "None",
        "proceedsFromRepurchaseOfEquity": "-134000",
        "proceedsFromSaleOfTreasuryStock": "None",
        "changeInCashAndCashEquivalents": "None",
        "changeInExchangeRate": "None",
        "netIncome": "-13827000"
      },
      {
        "fiscalDateEnding": "2023-09-30",
        "reportedCurrency": "USD",
        "operatingCashflow": "-8613000",
        "paymentsForOperatingActivities": "None",
        "proceedsFromOperatingActivities": "None",
        "changeInOperatingLiabilities": "None",
        "changeInOperatingAssets": "None",
        "depreciationDepletionAndAmortization": "2101000",
        "capitalExpenditures": "190000",
        "changeInReceivables": "None",
        "changeInInventory": "7326000",
        "profitLoss": "None",
        "cashflowFromInvestment": "14243000",
        "cashflowFromFinancing": "-10072000",
        "proceedsFromRepaymentsOfShortTermDebt": "None",
        "paymentsForRepurchaseOfCommonStock": "None",
        "paymentsForRepurchaseOfEquity": "None",
        "paymentsForRepurchaseOfPreferredStock": "None",
        "dividendPayout": "None",
        "dividendPayoutCommonStock": "None",
        "dividendPayoutPreferredStock": "None",
        "proceedsFromIssuanceOfCommonStock": "None",
        "proceedsFromIssuanceOfLongTermDebtAndCapitalSecuritiesNet": "None",
        "proceedsFromIssuanceOfPreferredStock": "None",
        "proceedsFromRepurchaseOfEquity": "-171000",
        "proceedsFromSaleOfTreasuryStock": "None",
        "changeInCashAndCashEquivalents": "None",
        "changeInExchangeRate": "None",
        "netIncome": "-14107000"
      },
      {
        "fiscalDateEnding": "2023-06-30",
        "reportedCurrency": "USD",
        "operatingCashflow": "-14716000",
        "paymentsForOperatingActivities": "None",
        "proceedsFromOperatingActivities": "None",
        "changeInOperatingLiabilities": "None",
        "changeInOperatingAssets": "None",
        "depreciationDepletionAndAmortization": "777000",
        "capitalExpenditures": "1101000",
        "changeInReceivables": "747000",
        "changeInInventory": "1066000",
        "profitLoss": "None",
        "cashflowFromInvestment": "13796000",
        "cashflowFromFinancing": "-7765000",
        "proceedsFromRepaymentsOfShortTermDebt": "None",
        "paymentsForRepurchaseOfCommonStock": "None",
        "paymentsForRepurchaseOfEquity": "None",
        "paymentsForRepurchaseOfPreferredStock": "None",
        "dividendPayout": "557000",
        "dividendPayoutCommonStock": "557000",
        "dividendPayoutPreferredStock": "None",
        "proceedsFromIssuanceOfCommonStock": "None",
        "proceedsFromIssuanceOfLongTermDebtAndCapitalSecuritiesNet": "None",
        "proceedsFromIssuanceOfPreferredStock": "None",
        "proceedsFromRepurchaseOfEquity": "-374000",
        "proceedsFromSaleOfTreasuryStock": "None",
        "changeInCashAndCashEquivalents": "-8685000",
        "changeInExchangeRate": "None",
        "netIncome": "-23578000"
      },
      {
        "fiscalDateEnding": "2023-03-31",
        "reportedCurrency": "USD",
        "operatingCashflow": "-15326000",
        "paymentsForOperatingActivities": "None",
        "proceedsFromOperatingActivities": "None",
        "changeInOperatingLiabilities": "None",
        "changeInOperatingAssets": "None",
        "depreciationDepletionAndAmortization": "1383000",
        "capitalExpenditures": "253000",
        "changeInReceivables": "1268000",
        "changeInInventory": "1064000",
        "profitLoss": "None",
        "cashflowFromInvestment": "22812000",
        "cashflowFromFinancing": "-9672000",
        "proceedsFromRepaymentsOfShortTermDebt": "None",
        "paymentsForRepurchaseOfCommonStock": "None",
        "paymentsForRepurchaseOfEquity": "None",
        "paymentsForRepurchaseOfPreferredStock": "None",
        "dividendPayout": "None",
        "dividendPayoutCommonStock": "None",
        "dividendPayoutPreferredStock": "None",
        "proceedsFromIssuanceOfCommonStock": "None",
        "proceedsFromIssuanceOfLongTermDebtAndCapitalSecuritiesNet": "None",
        "proceedsFromIssuanceOfPreferredStock": "None",
        "proceedsFromRepurchaseOfEquity": "-382000",
        "proceedsFromSaleOfTreasuryStock": "None",
        "changeInCashAndCashEquivalents": "-2186000",
        "changeInExchangeRate": "None",
        "netIncome": "-24331000"
      },
      {
        "fiscalDateEnding": "2022-12-31",
        "reportedCurrency": "USD",
        "operatingCashflow": "-22363000",
        "paymentsForOperatingActivities": "None",
        "proceedsFromOperatingActivities": "None",
        "changeInOperatingLiabilities": "None",
        "changeInOperatingAssets": "None",
        "depreciationDepletionAndAmortization": "1250000",
        "capitalExpenditures": "2215000",
        "changeInReceivables": "8766000",
        "changeInInventory": "4330000",
        "profitLoss": "None",
        "cashflowFromInvestment": "7195000",
        "cashflowFromFinancing": "4373000",
        "proceedsFromRepaymentsOfShortTermDebt": "None",
        "paymentsForRepurchaseOfCommonStock": "None",
        "paymentsForRepurchaseOfEquity": "None",
        "paymentsForRepurchaseOfPreferredStock": "None",
        "dividendPayout": "None",
        "dividendPayoutCommonStock": "None",
        "dividendPayoutPreferredStock": "None",
        "proceedsFromIssuanceOfCommonStock": "None",
        "proceedsFromIssuanceOfLongTermDebtAndCapitalSecuritiesNet": "None",
        "proceedsFromIssuanceOfPreferredStock": "None",
        "proceedsFromRepurchaseOfEquity": "-98000",
        "proceedsFromSaleOfTreasuryStock": "None",
        "changeInCashAndCashEquivalents": "42185000",
        "changeInExchangeRate": "None",
        "netIncome": "-19687000"
      },
      {
        "fiscalDateEnding": "2022-09-30",
        "reportedCurrency": "USD",
        "operatingCashflow": "-29769000",
        "paymentsForOperatingActivities": "None",
        "proceedsFromOperatingActivities": "None",
        "changeInOperatingLiabilities": "None",
        "changeInOperatingAssets": "None",
        "depreciationDepletionAndAmortization": "1004000",
        "capitalExpenditures": "2436000",
        "changeInReceivables": "8766000",
        "changeInInventory": "-7092000",
        "profitLoss": "None",
        "cashflowFromInvestment": "15416000",
        "cashflowFromFinancing": "56538000",
        "proceedsFromRepaymentsOfShortTermDebt": "None",
        "paymentsForRepurchaseOfCommonStock": "None",
        "paymentsForRepurchaseOfEquity": "None",
        "paymentsForRepurchaseOfPreferredStock": "None",
        "dividendPayout": "109000",
        "dividendPayoutCommonStock": "109000",
        "dividendPayoutPreferredStock": "None",
        "proceedsFromIssuanceOfCommonStock": "None",
        "proceedsFromIssuanceOfLongTermDebtAndCapitalSecuritiesNet": "None",
        "proceedsFromIssuanceOfPreferredStock": "None",
        "proceedsFromRepurchaseOfEquity": "-111000",
        "proceedsFromSaleOfTreasuryStock": "None",
        "changeInCashAndCashEquivalents": "42185000",
        "changeInExchangeRate": "None",
        "netIncome": "-23255000"
      },
      {
        "fiscalDateEnding": "2022-06-30",
        "reportedCurrency": "USD",
        "operatingCashflow": "-44524000",
        "paymentsForOperatingActivities": "None",
        "proceedsFromOperatingActivities": "None",
        "changeInOperatingLiabilities": "None",
        "changeInOperatingAssets": "None",
        "depreciationDepletionAndAmortization": "754000",
        "capitalExpenditures": "6464000",
        "changeInReceivables": "-6083000",
        "changeInInventory": "-22390000",
        "profitLoss": "None",
        "cashflowFromInvestment": "32946000",
        "cashflowFromFinancing": "4019000",
        "proceedsFromRepaymentsOfShortTermDebt": "None",
        "paymentsForRepurchaseOfCommonStock": "None",
        "paymentsForRepurchaseOfEquity": "None",
        "paymentsForRepurchaseOfPreferredStock": "None",
        "dividendPayout": "None",
        "dividendPayoutCommonStock": "None",
        "dividendPayoutPreferredStock": "None",
        "proceedsFromIssuanceOfCommonStock": "None",
        "proceedsFromIssuanceOfLongTermDebtAndCapitalSecuritiesNet": "None",
        "proceedsFromIssuanceOfPreferredStock": "None",
        "proceedsFromRepurchaseOfEquity": "-85000",
        "proceedsFromSaleOfTreasuryStock": "None",
        "changeInCashAndCashEquivalents": "-7559000",
        "changeInExchangeRate": "None",
        "netIncome": "-9467000"
      },
      {
        "fiscalDateEnding": "2022-03-31",
        "reportedCurrency": "USD",
        "operatingCashflow": "-31304000",
        "paymentsForOperatingActivities": "None",
        "proceedsFromOperatingActivities": "None",
        "changeInOperatingLiabilities": "None",
        "changeInOperatingAssets": "None",
        "depreciationDepletionAndAmortization": "623000",
        "capitalExpenditures": "2998000",
        "changeInReceivables": "-3495000",
        "changeInInventory": "-10668000",
        "profitLoss": "None",
        "cashflowFromInvestment": "27153000",
        "cashflowFromFinancing": "-181000",
        "proceedsFromRepaymentsOfShortTermDebt": "None",
        "paymentsForRepurchaseOfCommonStock": "None",
        "paymentsForRepurchaseOfEquity": "None",
        "paymentsForRepurchaseOfPreferredStock": "None",
        "dividendPayout": "None",
        "dividendPayoutCommonStock": "None",
        "dividendPayoutPreferredStock": "None",
        "proceedsFromIssuanceOfCommonStock": "None",
        "proceedsFromIssuanceOfLongTermDebtAndCapitalSecuritiesNet": "None",
        "proceedsFromIssuanceOfPreferredStock": "None",
        "proceedsFromRepurchaseOfEquity": "-98000",
        "proceedsFromSaleOfTreasuryStock": "None",
        "changeInCashAndCashEquivalents": "-4332000",
        "changeInExchangeRate": "None",
        "netIncome": "-21186000"
      },
      {
        "fiscalDateEnding": "2021-12-31",
        "reportedCurrency": "USD",
        "operatingCashflow": "-35760000",
        "paymentsForOperatingActivities": "None",
        "proceedsFromOperatingActivities": "None",
        "changeInOperatingLiabilities": "None",
        "changeInOperatingAssets": "None",
        "depreciationDepletionAndAmortization": "108000",
        "capitalExpenditures": "1572000",
        "changeInReceivables": "None",
        "changeInInventory": "-11002000",
        "profitLoss": "None",
        "cashflowFromInvestment": "-151800000",
        "cashflowFromFinancing": "-652000",
        "proceedsFromRepaymentsOfShortTermDebt": "None",
        "paymentsForRepurchaseOfCommonStock": "None",
        "paymentsForRepurchaseOfEquity": "None",
        "paymentsForRepurchaseOfPreferredStock": "None",
        "dividendPayout": "None",
        "dividendPayoutCommonStock": "None",
        "dividendPayoutPreferredStock": "None",
        "proceedsFromIssuanceOfCommonStock": "None",
        "proceedsFromIssuanceOfLongTermDebtAndCapitalSecuritiesNet": "None",
        "proceedsFromIssuanceOfPreferredStock": "None",
        "proceedsFromRepurchaseOfEquity": "-335000",
        "proceedsFromSaleOfTreasuryStock": "None",
        "changeInCashAndCashEquivalents": "None",
        "changeInExchangeRate": "None",
        "netIncome": "11439000"
      },
      {
        "fiscalDateEnding": "2021-09-30",
        "reportedCurrency": "USD",
        "operatingCashflow": "-51899082",
        "paymentsForOperatingActivities": "None",
        "proceedsFromOperatingActivities": "None",
        "changeInOperatingLiabilities": "None",
        "changeInOperatingAssets": "None",
        "depreciationDepletionAndAmortization": "248000",
        "capitalExpenditures": "3342998",
        "changeInReceivables": "None",
        "changeInInventory": "-14026000",
        "profitLoss": "None",
        "cashflowFromInvestment": "-3343000",
        "cashflowFromFinancing": "253067000",
        "proceedsFromRepaymentsOfShortTermDebt": "None",
        "paymentsForRepurchaseOfCommonStock": "None",
        "paymentsForRepurchaseOfEquity": "None",
        "paymentsForRepurchaseOfPreferredStock": "None",
        "dividendPayout": "None",
        "dividendPayoutCommonStock": "None",
        "dividendPayoutPreferredStock": "None",
        "proceedsFromIssuanceOfCommonStock": "None",
        "proceedsFromIssuanceOfLongTermDebtAndCapitalSecuritiesNet": "None",
        "proceedsFromIssuanceOfPreferredStock": "None",
        "proceedsFromRepurchaseOfEquity": "None",
        "proceedsFromSaleOfTreasuryStock": "None",
        "changeInCashAndCashEquivalents": "None",
        "changeInExchangeRate": "None",
        "netIncome": "34896000"
      },
      {
        "fiscalDateEnding": "2021-06-30",
        "reportedCurrency": "USD",
        "operatingCashflow": "-11371000",
        "paymentsForOperatingActivities": "None",
        "proceedsFromOperatingActivities": "None",
        "changeInOperatingLiabilities": "None",
        "changeInOperatingAssets": "None",
        "depreciationDepletionAndAmortization": "291000",
        "capitalExpenditures": "500000",
        "changeInReceivables": "None",
        "changeInInventory": "-3509000",
        "profitLoss": "None",
        "cashflowFromInvestment": "-500000",
        "cashflowFromFinancing": "-40000",
        "proceedsFromRepaymentsOfShortTermDebt": "None",
        "paymentsForRepurchaseOfCommonStock": "None",
        "paymentsForRepurchaseOfEquity": "None",
        "paymentsForRepurchaseOfPreferredStock": "None",
        "dividendPayout": "None",
        "dividendPayoutCommonStock": "None",
        "dividendPayoutPreferredStock": "None",
        "proceedsFromIssuanceOfCommonStock": "None",
        "proceedsFromIssuanceOfLongTermDebtAndCapitalSecuritiesNet": "None",
        "proceedsFromIssuanceOfPreferredStock": "None",
        "proceedsFromRepurchaseOfEquity": "None",
        "proceedsFromSaleOfTreasuryStock": "None",
        "changeInCashAndCashEquivalents": "None",
        "changeInExchangeRate": "None",
        "netIncome": "-9158000"
      },
      {
        "fiscalDateEnding": "2021-03-31",
        "reportedCurrency": "USD",
        "operatingCashflow": "-8782000",
        "paymentsForOperatingActivities": "None",
        "proceedsFromOperatingActivities": "None",
        "changeInOperatingLiabilities": "None",
        "changeInOperatingAssets": "None",
        "depreciationDepletionAndAmortization": "89000",
        "capitalExpenditures": "202000",
        "changeInReceivables": "None",
        "changeInInventory": "-1432000",
        "profitLoss": "None",
        "cashflowFromInvestment": "-202000",
        "cashflowFromFinancing": "34153000",
        "proceedsFromRepaymentsOfShortTermDebt": "None",
        "paymentsForRepurchaseOfCommonStock": "None",
        "paymentsForRepurchaseOfEquity": "None",
        "paymentsForRepurchaseOfPreferredStock": "None",
        "dividendPayout": "None",
        "dividendPayoutCommonStock": "None",
        "dividendPayoutPreferredStock": "None",
        "proceedsFromIssuanceOfCommonStock": "None",
        "proceedsFromIssuanceOfLongTermDebtAndCapitalSecuritiesNet": "None",
        "proceedsFromIssuanceOfPreferredStock": "None",
        "proceedsFromRepurchaseOfEquity": "None",
        "proceedsFromSaleOfTreasuryStock": "None",
        "changeInCashAndCashEquivalents": "None",
        "changeInExchangeRate": "None",
        "netIncome": "-13850000"
      },
      {
        "fiscalDateEnding": "2020-12-31",
        "reportedCurrency": "USD",
        "operatingCashflow": "-2489000",
        "paymentsForOperatingActivities": "None",
        "proceedsFromOperatingActivities": "None",
        "changeInOperatingLiabilities": "None",
        "changeInOperatingAssets": "None",
        "depreciationDepletionAndAmortization": "82000",
        "capitalExpenditures": "20000",
        "changeInReceivables": "None",
        "changeInInventory": "1319000",
        "profitLoss": "None",
        "cashflowFromInvestment": "20000",
        "cashflowFromFinancing": "8058999",
        "proceedsFromRepaymentsOfShortTermDebt": "None",
        "paymentsForRepurchaseOfCommonStock": "None",
        "paymentsForRepurchaseOfEquity": "None",
        "paymentsForRepurchaseOfPreferredStock": "None",
        "dividendPayout": "None",
        "dividendPayoutCommonStock": "None",
        "dividendPayoutPreferredStock": "None",
        "proceedsFromIssuanceOfCommonStock": "None",
        "proceedsFromIssuanceOfLongTermDebtAndCapitalSecuritiesNet": "None",
        "proceedsFromIssuanceOfPreferredStock": "None",
        "proceedsFromRepurchaseOfEquity": "-3000",
        "proceedsFromSaleOfTreasuryStock": "None",
        "changeInCashAndCashEquivalents": "None",
        "changeInExchangeRate": "None",
        "netIncome": "-7626000"
      },
      {
        "fiscalDateEnding": "2020-09-30",
        "reportedCurrency": "USD",
        "operatingCashflow": "-5809000",
        "paymentsForOperatingActivities": "None",
        "proceedsFromOperatingActivities": "None",
        "changeInOperatingLiabilities": "None",
        "changeInOperatingAssets": "None",
        "depreciationDepletionAndAmortization": "66000",
        "capitalExpenditures": "284000",
        "changeInReceivables": "None",
        "changeInInventory": "-1935000",
        "profitLoss": "None",
        "cashflowFromInvestment": "-284000",
        "cashflowFromFinancing": "1990000",
        "proceedsFromRepaymentsOfShortTermDebt": "None",
        "paymentsForRepurchaseOfCommonStock": "None",
        "paymentsForRepurchaseOfEquity": "None",
        "paymentsForRepurchaseOfPreferredStock": "None",
        "dividendPayout": "None",
        "dividendPayoutCommonStock": "None",
        "dividendPayoutPreferredStock": "None",
        "proceedsFromIssuanceOfCommonStock": "None",
        "proceedsFromIssuanceOfLongTermDebtAndCapitalSecuritiesNet": "None",
        "proceedsFromIssuanceOfPreferredStock": "None",
        "proceedsFromRepurchaseOfEquity": "None",
        "proceedsFromSaleOfTreasuryStock": "None",
        "changeInCashAndCashEquivalents": "None",
        "changeInExchangeRate": "None",
        "netIncome": "-3959000"
      },
      {
        "fiscalDateEnding": "2020-06-30",
        "reportedCurrency": "USD",
        "operatingCashflow": "-1856000",
        "paymentsForOperatingActivities": "None",
        "proceedsFromOperatingActivities": "None",
        "changeInOperatingLiabilities": "None",
        "changeInOperatingAssets": "None",
        "depreciationDepletionAndAmortization": "148000",
        "capitalExpenditures": "114000",
        "changeInReceivables": "None",
        "changeInInventory": "903000",
        "profitLoss": "None",
        "cashflowFromInvestment": "-114000",
        "cashflowFromFinancing": "9574000",
        "proceedsFromRepaymentsOfShortTermDebt": "None",
        "paymentsForRepurchaseOfCommonStock": "None",
        "paymentsForRepurchaseOfEquity": "None",
        "paymentsForRepurchaseOfPreferredStock": "None",
        "dividendPayout": "None",
        "dividendPayoutCommonStock": "None",
        "dividendPayoutPreferredStock": "None",
        "proceedsFromIssuanceOfCommonStock": "None",
        "proceedsFromIssuanceOfLongTermDebtAndCapitalSecuritiesNet": "None",
        "proceedsFromIssuanceOfPreferredStock": "None",
        "proceedsFromRepurchaseOfEquity": "None",
        "proceedsFromSaleOfTreasuryStock": "None",
        "changeInCashAndCashEquivalents": "None",
        "changeInExchangeRate": "None",
        "netIncome": "-3845000"
      },
      {
        "fiscalDateEnding": "2020-03-31",
        "reportedCurrency": "USD",
        "operatingCashflow": "-2184000",
        "paymentsForOperatingActivities": "None",
        "proceedsFromOperatingActivities": "None",
        "changeInOperatingLiabilities": "None",
        "changeInOperatingAssets": "None",
        "depreciationDepletionAndAmortization": "148000",
        "capitalExpenditures": "29000",
        "changeInReceivables": "None",
        "changeInInventory": "-584000",
        "profitLoss": "None",
        "cashflowFromInvestment": "-29000",
        "cashflowFromFinancing": "3462000",
        "proceedsFromRepaymentsOfShortTermDebt": "None",
        "paymentsForRepurchaseOfCommonStock": "None",
        "paymentsForRepurchaseOfEquity": "None",
        "paymentsForRepurchaseOfPreferredStock": "None",
        "dividendPayout": "None",
        "dividendPayoutCommonStock": "None",
        "dividendPayoutPreferredStock": "None",
        "proceedsFromIssuanceOfCommonStock": "None",
        "proceedsFromIssuanceOfLongTermDebtAndCapitalSecuritiesNet": "None",
        "proceedsFromIssuanceOfPreferredStock": "None",
        "proceedsFromRepurchaseOfEquity": "None",
        "proceedsFromSaleOfTreasuryStock": "None",
        "changeInCashAndCashEquivalents": "None",
        "changeInExchangeRate": "None",
        "netIncome": "-1237000"
      }
    ]
  },
  "incomeStatement": {
    "symbol": "XOS",
    "annualReports": [
      {
        "fiscalDateEnding": "2024-12-31",
        "reportedCurrency": "USD",
        "grossProfit": "3965000",
        "totalRevenue": "55961000",
        "costOfRevenue": "51996000",
        "costofGoodsAndServicesSold": "51996000",
        "operatingIncome": "-45874000",
        "sellingGeneralAndAdministrative": "35083000",
        "researchAndDevelopment": "10627000",
        "operatingExpenses": "49839000",
        "investmentIncomeNet": "None",
        "netInterestIncome": "None",
        "interestIncome": "None",
        "interestExpense": "214000",
        "nonInterestIncome": "None",
        "otherNonOperatingIncome": "None",
        "depreciation": "None",
        "depreciationAndAmortization": "5141000",
        "incomeBeforeTax": "-50122000",
        "incomeTaxExpense": "37000",
        "interestAndDebtExpense": "None",
        "netIncomeFromContinuingOperations": "-50159000",
        "comprehensiveIncomeNetOfTax": "None",
        "ebit": "-45874000",
        "ebitda": "-40733000",
        "netIncome": "-50159000"
      },
      {
        "fiscalDateEnding": "2023-12-31",
        "reportedCurrency": "USD",
        "grossProfit": "-1290000",
        "totalRevenue": "44523000",
        "costOfRevenue": "45813000",
        "costofGoodsAndServicesSold": "45813000",
        "operatingIncome": "-64965000",
        "sellingGeneralAndAdministrative": "37698000",
        "researchAndDevelopment": "19589000",
        "operatingExpenses": "63675000",
        "investmentIncomeNet": "None",
        "netInterestIncome": "None",
        "interestIncome": "None",
        "interestExpense": "9100000",
        "nonInterestIncome": "None",
        "otherNonOperatingIncome": "None",
        "depreciation": "None",
        "depreciationAndAmortization": "4878000",
        "incomeBeforeTax": "-75822000",
        "incomeTaxExpense": "21000",
        "interestAndDebtExpense": "None",
        "netIncomeFromContinuingOperations": "-81703000",
        "comprehensiveIncomeNetOfTax": "None",
        "ebit": "-64965000",
        "ebitda": "-60087000",
        "netIncome": "-75843000"
      },
      {
        "fiscalDateEnding": "2022-12-31",
        "reportedCurrency": "USD",
        "grossProfit": "-30029000",
        "totalRevenue": "36376000",
        "costOfRevenue": "66405000",
        "costofGoodsAndServicesSold": "66405000",
        "operatingIncome": "-111348000",
        "sellingGeneralAndAdministrative": "41093000",
        "researchAndDevelopment": "30679000",
        "operatingExpenses": "81319000",
        "investmentIncomeNet": "None",
        "netInterestIncome": "None",
        "interestIncome": "None",
        "interestExpense": "4535000",
        "nonInterestIncome": "None",
        "otherNonOperatingIncome": "None",
        "depreciation": "None",
        "depreciationAndAmortization": "3631000",
        "incomeBeforeTax": "-73317000",
        "incomeTaxExpense": "8000",
        "interestAndDebtExpense": "None",
        "netIncomeFromContinuingOperations": "-73325000",
        "comprehensiveIncomeNetOfTax": "None",
        "ebit": "-111348000",
        "ebitda": "-107717000",
        "netIncome": "-73325000"
      },
      {
        "fiscalDateEnding": "2021-12-31",
        "reportedCurrency": "USD",
        "grossProfit": "-2362000",
        "totalRevenue": "5048000",
        "costOfRevenue": "7410000",
        "costofGoodsAndServicesSold": "7410000",
        "operatingIncome": "-53155000",
        "sellingGeneralAndAdministrative": "27197000",
        "researchAndDevelopment": "20077000",
        "operatingExpenses": "50793000",
        "investmentIncomeNet": "None",
        "netInterestIncome": "None",
        "interestIncome": "None",
        "interestExpense": "153814000",
        "nonInterestIncome": "None",
        "otherNonOperatingIncome": "None",
        "depreciation": "None",
        "depreciationAndAmortization": "736000",
        "incomeBeforeTax": "23403000",
        "incomeTaxExpense": "2000",
        "interestAndDebtExpense": "None",
        "netIncomeFromContinuingOperations": "23401000",
        "comprehensiveIncomeNetOfTax": "None",
        "ebit": "-53155000",
        "ebitda": "-52419000",
        "netIncome": "23401000"
      },
      {
        "fiscalDateEnding": "2020-12-31",
        "reportedCurrency": "USD",
        "grossProfit": "300000",
        "totalRevenue": "2641000",
        "costOfRevenue": "2341000",
        "costofGoodsAndServicesSold": "2341000",
        "operatingIncome": "-11872000",
        "sellingGeneralAndAdministrative": "3609000",
        "researchAndDevelopment": "7015000",
        "operatingExpenses": "12172000",
        "investmentIncomeNet": "None",
        "netInterestIncome": "None",
        "interestIncome": "None",
        "interestExpense": "3285000",
        "nonInterestIncome": "None",
        "otherNonOperatingIncome": "None",
        "depreciation": "None",
        "depreciationAndAmortization": "296000",
        "incomeBeforeTax": "-16667000",
        "incomeTaxExpense": "1510000",
        "interestAndDebtExpense": "None",
        "netIncomeFromContinuingOperations": "-16667000",
        "comprehensiveIncomeNetOfTax": "None",
        "ebit": "-11872000",
        "ebitda": "-11576000",
        "netIncome": "-16667000"
      },
      {
        "fiscalDateEnding": "2019-12-31",
        "reportedCurrency": "USD",
        "grossProfit": "341000",
        "totalRevenue": "1147000",
        "costOfRevenue": "806000",
        "costofGoodsAndServicesSold": "806000",
        "operatingIncome": "-4374000",
        "sellingGeneralAndAdministrative": "3907000",
        "researchAndDevelopment": "362000",
        "operatingExpenses": "4715000",
        "investmentIncomeNet": "None",
        "netInterestIncome": "None",
        "interestIncome": "None",
        "interestExpense": "0",
        "nonInterestIncome": "None",
        "otherNonOperatingIncome": "None",
        "depreciation": "None",
        "depreciationAndAmortization": "239000",
        "incomeBeforeTax": "-4933000",
        "incomeTaxExpense": "None",
        "interestAndDebtExpense": "None",
        "netIncomeFromContinuingOperations": "None",
        "comprehensiveIncomeNetOfTax": "None",
        "ebit": "-4374000",
        "ebitda": "-4135000",
        "netIncome": "-4933000"
      },
      {
        "fiscalDateEnding": "2018-12-31",
        "reportedCurrency": "USD",
        "grossProfit": "216000",
        "totalRevenue": "308000",
        "costOfRevenue": "92000",
        "costofGoodsAndServicesSold": "92000",
        "operatingIncome": "-3597000",
        "sellingGeneralAndAdministrative": "1944000",
        "researchAndDevelopment": "1544000",
        "operatingExpenses": "3813000",
        "investmentIncomeNet": "None",
        "netInterestIncome": "None",
        "interestIncome": "None",
        "interestExpense": "0",
        "nonInterestIncome": "None",
        "otherNonOperatingIncome": "None",
        "depreciation": "None",
        "depreciationAndAmortization": "121000",
        "incomeBeforeTax": "-3948000",
        "incomeTaxExpense": "None",
        "interestAndDebtExpense": "None",
        "netIncomeFromContinuingOperations": "None",
        "comprehensiveIncomeNetOfTax": "None",
        "ebit": "-3597000",
        "ebitda": "-3476000",
        "netIncome": "-3948000"
      }
    ],
    "quarterlyReports": [
      {
        "fiscalDateEnding": "2025-09-30",
        "reportedCurrency": "USD",
        "grossProfit": "2531000",
        "totalRevenue": "16500000",
        "costOfRevenue": "13969000",
        "costofGoodsAndServicesSold": "13969000",
        "operatingIncome": "-6994000",
        "sellingGeneralAndAdministrative": "6456000",
        "researchAndDevelopment": "2101000",
        "operatingExpenses": "9525000",
        "investmentIncomeNet": "None",
        "netInterestIncome": "None",
        "interestIncome": "None",
        "interestExpense": "500000",
        "nonInterestIncome": "None",
        "otherNonOperatingIncome": "None",
        "depreciation": "None",
        "depreciationAndAmortization": "949000",
        "incomeBeforeTax": "2121000",
        "incomeTaxExpense": "-2000",
        "interestAndDebtExpense": "None",
        "netIncomeFromContinuingOperations": "2123000",
        "comprehensiveIncomeNetOfTax": "None",
        "ebit": "2621000",
        "ebitda": "3570000",
        "netIncome": "2123000"
      },
      {
        "fiscalDateEnding": "2025-06-30",
        "reportedCurrency": "USD",
        "grossProfit": "1619000",
        "totalRevenue": "18393000",
        "costOfRevenue": "16774000",
        "costofGoodsAndServicesSold": "16774000",
        "operatingIncome": "-7081000",
        "sellingGeneralAndAdministrative": "5906000",
        "researchAndDevelopment": "2087000",
        "operatingExpenses": "8700000",
        "investmentIncomeNet": "None",
        "netInterestIncome": "None",
        "interestIncome": "None",
        "interestExpense": "500000",
        "nonInterestIncome": "None",
        "otherNonOperatingIncome": "None",
        "depreciation": "None",
        "depreciationAndAmortization": "564000",
        "incomeBeforeTax": "-7492000",
        "incomeTaxExpense": "13000",
        "interestAndDebtExpense": "None",
        "netIncomeFromContinuingOperations": "-7505000",
        "comprehensiveIncomeNetOfTax": "None",
        "ebit": "-7081000",
        "ebitda": "-6517000",
        "netIncome": "-7505000"
      },
      {
        "fiscalDateEnding": "2025-03-31",
        "reportedCurrency": "USD",
        "grossProfit": "1211000",
        "totalRevenue": "5879000",
        "costOfRevenue": "4668000",
        "costofGoodsAndServicesSold": "4668000",
        "operatingIncome": "-9269000",
        "sellingGeneralAndAdministrative": "7896000",
        "researchAndDevelopment": "1930000",
        "operatingExpenses": "10480000",
        "investmentIncomeNet": "None",
        "netInterestIncome": "None",
        "interestIncome": "None",
        "interestExpense": "500000",
        "nonInterestIncome": "None",
        "otherNonOperatingIncome": "None",
        "depreciation": "None",
        "depreciationAndAmortization": "912000",
        "incomeBeforeTax": "-10174000",
        "incomeTaxExpense": "12000",
        "interestAndDebtExpense": "None",
        "netIncomeFromContinuingOperations": "-10186000",
        "comprehensiveIncomeNetOfTax": "None",
        "ebit": "-9674000",
        "ebitda": "-8762000",
        "netIncome": "-10186000"
      },
      {
        "fiscalDateEnding": "2024-12-31",
        "reportedCurrency": "USD",
        "grossProfit": "-3717000",
        "totalRevenue": "11474000",
        "costOfRevenue": "15191000",
        "costofGoodsAndServicesSold": "15191000",
        "operatingIncome": "-14572000",
        "sellingGeneralAndAdministrative": "8051000",
        "researchAndDevelopment": "1936000",
        "operatingExpenses": "10855000",
        "investmentIncomeNet": "None",
        "netInterestIncome": "None",
        "interestIncome": "None",
        "interestExpense": "None",
        "nonInterestIncome": "None",
        "otherNonOperatingIncome": "None",
        "depreciation": "None",
        "depreciationAndAmortization": "1361000",
        "incomeBeforeTax": "-18957000",
        "incomeTaxExpense": "24000",
        "interestAndDebtExpense": "None",
        "netIncomeFromContinuingOperations": "-18981000",
        "comprehensiveIncomeNetOfTax": "None",
        "ebit": "-14572000",
        "ebitda": "-13211000",
        "netIncome": "-18981000"
      },
      {
        "fiscalDateEnding": "2024-09-30",
        "reportedCurrency": "USD",
        "grossProfit": "2864000",
        "totalRevenue": "15790000",
        "costOfRevenue": "12926000",
        "costofGoodsAndServicesSold": "12926000",
        "operatingIncome": "-9691000",
        "sellingGeneralAndAdministrative": "8897000",
        "researchAndDevelopment": "2619000",
        "operatingExpenses": "12555000",
        "investmentIncomeNet": "None",
        "netInterestIncome": "None",
        "interestIncome": "None",
        "interestExpense": "None",
        "nonInterestIncome": "None",
        "otherNonOperatingIncome": "None",
        "depreciation": "None",
        "depreciationAndAmortization": "1186000",
        "incomeBeforeTax": "-10508000",
        "incomeTaxExpense": "4000",
        "interestAndDebtExpense": "None",
        "netIncomeFromContinuingOperations": "-10512000",
        "comprehensiveIncomeNetOfTax": "None",
        "ebit": "-9691000",
        "ebitda": "-8505000",
        "netIncome": "-10512000"
      },
      {
        "fiscalDateEnding": "2024-06-30",
        "reportedCurrency": "USD",
        "grossProfit": "2030000",
        "totalRevenue": "15535000",
        "costOfRevenue": "13505000",
        "costofGoodsAndServicesSold": "13505000",
        "operatingIncome": "-11368000",
        "sellingGeneralAndAdministrative": "9176000",
        "researchAndDevelopment": "2998000",
        "operatingExpenses": "13398000",
        "investmentIncomeNet": "None",
        "netInterestIncome": "None",
        "interestIncome": "None",
        "interestExpense": "500000",
        "nonInterestIncome": "None",
        "otherNonOperatingIncome": "None",
        "depreciation": "None",
        "depreciationAndAmortization": "1277000",
        "incomeBeforeTax": "-9659000",
        "incomeTaxExpense": "4000",
        "interestAndDebtExpense": "None",
        "netIncomeFromContinuingOperations": "-9663000",
        "comprehensiveIncomeNetOfTax": "None",
        "ebit": "-11368000",
        "ebitda": "-10091000",
        "netIncome": "-9663000"
      },
      {
        "fiscalDateEnding": "2024-03-31",
        "reportedCurrency": "USD",
        "grossProfit": "2788000",
        "totalRevenue": "13162000",
        "costOfRevenue": "10374000",
        "costofGoodsAndServicesSold": "10374000",
        "operatingIncome": "-10243000",
        "sellingGeneralAndAdministrative": "8959000",
        "researchAndDevelopment": "3074000",
        "operatingExpenses": "13031000",
        "investmentIncomeNet": "None",
        "netInterestIncome": "None",
        "interestIncome": "None",
        "interestExpense": "500000",
        "nonInterestIncome": "None",
        "otherNonOperatingIncome": "None",
        "depreciation": "None",
        "depreciationAndAmortization": "1317000",
        "incomeBeforeTax": "-10998000",
        "incomeTaxExpense": "5000",
        "interestAndDebtExpense": "None",
        "netIncomeFromContinuingOperations": "-11003000",
        "comprehensiveIncomeNetOfTax": "None",
        "ebit": "-10243000",
        "ebitda": "-8926000",
        "netIncome": "-11003000"
      },
      {
        "fiscalDateEnding": "2023-12-31",
        "reportedCurrency": "USD",
        "grossProfit": "1327000",
        "totalRevenue": "18376000",
        "costOfRevenue": "17049000",
        "costofGoodsAndServicesSold": "17049000",
        "operatingIncome": "-11828000",
        "sellingGeneralAndAdministrative": "7737000",
        "researchAndDevelopment": "4143000",
        "operatingExpenses": "13155000",
        "investmentIncomeNet": "None",
        "netInterestIncome": "None",
        "interestIncome": "None",
        "interestExpense": "1600000",
        "nonInterestIncome": "None",
        "otherNonOperatingIncome": "None",
        "depreciation": "None",
        "depreciationAndAmortization": "218000",
        "incomeBeforeTax": "-13813000",
        "incomeTaxExpense": "14000",
        "interestAndDebtExpense": "None",
        "netIncomeFromContinuingOperations": "-13827000",
        "comprehensiveIncomeNetOfTax": "None",
        "ebit": "-11828000",
        "ebitda": "-11610000",
        "netIncome": "-13827000"
      },
      {
        "fiscalDateEnding": "2023-09-30",
        "reportedCurrency": "USD",
        "grossProfit": "1985000",
        "totalRevenue": "16696000",
        "costOfRevenue": "14711000",
        "costofGoodsAndServicesSold": "14711000",
        "operatingIncome": "-12625000",
        "sellingGeneralAndAdministrative": "8546000",
        "researchAndDevelopment": "4516000",
        "operatingExpenses": "14610000",
        "investmentIncomeNet": "None",
        "netInterestIncome": "None",
        "interestIncome": "None",
        "interestExpense": "1500000",
        "nonInterestIncome": "None",
        "otherNonOperatingIncome": "None",
        "depreciation": "None",
        "depreciationAndAmortization": "1707000",
        "incomeBeforeTax": "-14104000",
        "incomeTaxExpense": "3000",
        "interestAndDebtExpense": "None",
        "netIncomeFromContinuingOperations": "-14107000",
        "comprehensiveIncomeNetOfTax": "None",
        "ebit": "-12625000",
        "ebitda": "-10918000",
        "netIncome": "-14107000"
      },
      {
        "fiscalDateEnding": "2023-06-30",
        "reportedCurrency": "USD",
        "grossProfit": "-3725000",
        "totalRevenue": "4754000",
        "costOfRevenue": "8479000",
        "costofGoodsAndServicesSold": "8479000",
        "operatingIncome": "-20483000",
        "sellingGeneralAndAdministrative": "9816000",
        "researchAndDevelopment": "5181000",
        "operatingExpenses": "16758000",
        "investmentIncomeNet": "None",
        "netInterestIncome": "None",
        "interestIncome": "None",
        "interestExpense": "3300000",
        "nonInterestIncome": "None",
        "otherNonOperatingIncome": "-3656000",
        "depreciation": "None",
        "depreciationAndAmortization": "777000",
        "incomeBeforeTax": "-23576000",
        "incomeTaxExpense": "2000",
        "interestAndDebtExpense": "None",
        "netIncomeFromContinuingOperations": "-23578000",
        "comprehensiveIncomeNetOfTax": "None",
        "ebit": "-20483000",
        "ebitda": "-19706000",
        "netIncome": "-23578000"
      },
      {
        "fiscalDateEnding": "2023-03-31",
        "reportedCurrency": "USD",
        "grossProfit": "-877000",
        "totalRevenue": "4697000",
        "costOfRevenue": "5574000",
        "costofGoodsAndServicesSold": "5574000",
        "operatingIncome": "-20029000",
        "sellingGeneralAndAdministrative": "11599000",
        "researchAndDevelopment": "5749000",
        "operatingExpenses": "19152000",
        "investmentIncomeNet": "None",
        "netInterestIncome": "None",
        "interestIncome": "None",
        "interestExpense": "4300000",
        "nonInterestIncome": "None",
        "otherNonOperatingIncome": "-4248000",
        "depreciation": "None",
        "depreciationAndAmortization": "1383000",
        "incomeBeforeTax": "-24329000",
        "incomeTaxExpense": "2000",
        "interestAndDebtExpense": "None",
        "netIncomeFromContinuingOperations": "-24331000",
        "comprehensiveIncomeNetOfTax": "None",
        "ebit": "-20029000",
        "ebitda": "-18646000",
        "netIncome": "-24331000"
      },
      {
        "fiscalDateEnding": "2022-12-31",
        "reportedCurrency": "USD",
        "grossProfit": "-10980000",
        "totalRevenue": "8571000",
        "costOfRevenue": "19551000",
        "costofGoodsAndServicesSold": "19551000",
        "operatingIncome": "-28924000",
        "sellingGeneralAndAdministrative": "10102000",
        "researchAndDevelopment": "6186000",
        "operatingExpenses": "17944000",
        "investmentIncomeNet": "None",
        "netInterestIncome": "None",
        "interestIncome": "None",
        "interestExpense": "1250000",
        "nonInterestIncome": "None",
        "otherNonOperatingIncome": "4523000",
        "depreciation": "None",
        "depreciationAndAmortization": "1250000",
        "incomeBeforeTax": "-19412000",
        "incomeTaxExpense": "5000",
        "interestAndDebtExpense": "None",
        "netIncomeFromContinuingOperations": "-19962000",
        "comprehensiveIncomeNetOfTax": "None",
        "ebit": "-28924000",
        "ebitda": "-27674000",
        "netIncome": "-19417000"
      },
      {
        "fiscalDateEnding": "2022-09-30",
        "reportedCurrency": "USD",
        "grossProfit": "11008000",
        "totalRevenue": "11008000",
        "costOfRevenue": "21777000",
        "costofGoodsAndServicesSold": "21777000",
        "operatingIncome": "-31157000",
        "sellingGeneralAndAdministrative": "9470000",
        "researchAndDevelopment": "8573000",
        "operatingExpenses": "20388000",
        "investmentIncomeNet": "None",
        "netInterestIncome": "None",
        "interestIncome": "None",
        "interestExpense": "7902000",
        "nonInterestIncome": "None",
        "otherNonOperatingIncome": "1248000",
        "depreciation": "None",
        "depreciationAndAmortization": "-7540000",
        "incomeBeforeTax": "-23255000",
        "incomeTaxExpense": "-7902000",
        "interestAndDebtExpense": "None",
        "netIncomeFromContinuingOperations": "-23255000",
        "comprehensiveIncomeNetOfTax": "None",
        "ebit": "-31157000",
        "ebitda": "-31157000",
        "netIncome": "-23255000"
      },
      {
        "fiscalDateEnding": "2022-06-30",
        "reportedCurrency": "USD",
        "grossProfit": "-5125000",
        "totalRevenue": "9766000",
        "costOfRevenue": "14891000",
        "costofGoodsAndServicesSold": "14891000",
        "operatingIncome": "-27813000",
        "sellingGeneralAndAdministrative": "12093000",
        "researchAndDevelopment": "7635000",
        "operatingExpenses": "22688000",
        "investmentIncomeNet": "None",
        "netInterestIncome": "None",
        "interestIncome": "None",
        "interestExpense": "9466000",
        "nonInterestIncome": "None",
        "otherNonOperatingIncome": "3477000",
        "depreciation": "None",
        "depreciationAndAmortization": "754000",
        "incomeBeforeTax": "-9466000",
        "incomeTaxExpense": "1000",
        "interestAndDebtExpense": "None",
        "netIncomeFromContinuingOperations": "-9467000",
        "comprehensiveIncomeNetOfTax": "None",
        "ebit": "-27992000",
        "ebitda": "-27238000",
        "netIncome": "-9467000"
      },
      {
        "fiscalDateEnding": "2022-03-31",
        "reportedCurrency": "USD",
        "grossProfit": "-3155000",
        "totalRevenue": "7031000",
        "costOfRevenue": "10186000",
        "costofGoodsAndServicesSold": "10186000",
        "operatingIncome": "-23454000",
        "sellingGeneralAndAdministrative": "11322000",
        "researchAndDevelopment": "6949000",
        "operatingExpenses": "20299000",
        "investmentIncomeNet": "None",
        "netInterestIncome": "None",
        "interestIncome": "None",
        "interestExpense": "4459000",
        "nonInterestIncome": "None",
        "otherNonOperatingIncome": "-354000",
        "depreciation": "None",
        "depreciationAndAmortization": "623000",
        "incomeBeforeTax": "-21184000",
        "incomeTaxExpense": "2000",
        "interestAndDebtExpense": "None",
        "netIncomeFromContinuingOperations": "-21186000",
        "comprehensiveIncomeNetOfTax": "None",
        "ebit": "-26298000",
        "ebitda": "-25675000",
        "netIncome": "-21186000"
      },
      {
        "fiscalDateEnding": "2021-12-31",
        "reportedCurrency": "USD",
        "grossProfit": "-2433000",
        "totalRevenue": "3302000",
        "costOfRevenue": "5735000",
        "costofGoodsAndServicesSold": "5735000",
        "operatingIncome": "-25451000",
        "sellingGeneralAndAdministrative": "7617000",
        "researchAndDevelopment": "13210000",
        "operatingExpenses": "23018000",
        "investmentIncomeNet": "None",
        "netInterestIncome": "None",
        "interestIncome": "None",
        "interestExpense": "70000",
        "nonInterestIncome": "None",
        "otherNonOperatingIncome": "None",
        "depreciation": "None",
        "depreciationAndAmortization": "108000",
        "incomeBeforeTax": "11441000",
        "incomeTaxExpense": "2000",
        "interestAndDebtExpense": "None",
        "netIncomeFromContinuingOperations": "11439000",
        "comprehensiveIncomeNetOfTax": "None",
        "ebit": "-65195000",
        "ebitda": "-65087000",
        "netIncome": "11439000"
      },
      {
        "fiscalDateEnding": "2021-09-30",
        "reportedCurrency": "USD",
        "grossProfit": "-61000",
        "totalRevenue": "357000",
        "costOfRevenue": "418000",
        "costofGoodsAndServicesSold": "418000",
        "operatingIncome": "-14306000",
        "sellingGeneralAndAdministrative": "7606000",
        "researchAndDevelopment": "5302000",
        "operatingExpenses": "14245000",
        "investmentIncomeNet": "None",
        "netInterestIncome": "-65000",
        "interestIncome": "None",
        "interestExpense": "65000",
        "nonInterestIncome": "None",
        "otherNonOperatingIncome": "49267000",
        "depreciation": "None",
        "depreciationAndAmortization": "248000",
        "incomeBeforeTax": "34896000",
        "incomeTaxExpense": "64000",
        "interestAndDebtExpense": "None",
        "netIncomeFromContinuingOperations": "34896000",
        "comprehensiveIncomeNetOfTax": "None",
        "ebit": "-14306000",
        "ebitda": "-14058000",
        "netIncome": "34896000"
      },
      {
        "fiscalDateEnding": "2021-06-30",
        "reportedCurrency": "USD",
        "grossProfit": "11000",
        "totalRevenue": "596000",
        "costOfRevenue": "585000",
        "costofGoodsAndServicesSold": "585000",
        "operatingIncome": "-7854000",
        "sellingGeneralAndAdministrative": "4599000",
        "researchAndDevelopment": "2742000",
        "operatingExpenses": "7865000",
        "investmentIncomeNet": "None",
        "netInterestIncome": "-5000",
        "interestIncome": "None",
        "interestExpense": "5000",
        "nonInterestIncome": "None",
        "otherNonOperatingIncome": "None",
        "depreciation": "None",
        "depreciationAndAmortization": "291000",
        "incomeBeforeTax": "-9158000",
        "incomeTaxExpense": "136000",
        "interestAndDebtExpense": "None",
        "netIncomeFromContinuingOperations": "-9158000",
        "comprehensiveIncomeNetOfTax": "None",
        "ebit": "-7854000",
        "ebitda": "-7563000",
        "netIncome": "-9158000"
      },
      {
        "fiscalDateEnding": "2021-03-31",
        "reportedCurrency": "USD",
        "grossProfit": "121000",
        "totalRevenue": "793000",
        "costOfRevenue": "672000",
        "costofGoodsAndServicesSold": "672000",
        "operatingIncome": "-5544000",
        "sellingGeneralAndAdministrative": "2354000",
        "researchAndDevelopment": "2999000",
        "operatingExpenses": "5665000",
        "investmentIncomeNet": "None",
        "netInterestIncome": "None",
        "interestIncome": "None",
        "interestExpense": "None",
        "nonInterestIncome": "None",
        "otherNonOperatingIncome": "None",
        "depreciation": "None",
        "depreciationAndAmortization": "89000",
        "incomeBeforeTax": "-13850000",
        "incomeTaxExpense": "8089000",
        "interestAndDebtExpense": "None",
        "netIncomeFromContinuingOperations": "-13850000",
        "comprehensiveIncomeNetOfTax": "None",
        "ebit": "-5544000",
        "ebitda": "-5455000",
        "netIncome": "-13850000"
      },
      {
        "fiscalDateEnding": "2020-12-31",
        "reportedCurrency": "USD",
        "grossProfit": "241000",
        "totalRevenue": "943000",
        "costOfRevenue": "702000",
        "costofGoodsAndServicesSold": "702000",
        "operatingIncome": "-5013000",
        "sellingGeneralAndAdministrative": "340000",
        "researchAndDevelopment": "4575000",
        "operatingExpenses": "5254000",
        "investmentIncomeNet": "None",
        "netInterestIncome": "None",
        "interestIncome": "None",
        "interestExpense": "None",
        "nonInterestIncome": "None",
        "otherNonOperatingIncome": "None",
        "depreciation": "None",
        "depreciationAndAmortization": "82000",
        "incomeBeforeTax": "-7626000",
        "incomeTaxExpense": "-680000",
        "interestAndDebtExpense": "None",
        "netIncomeFromContinuingOperations": "None",
        "comprehensiveIncomeNetOfTax": "None",
        "ebit": "-5013000",
        "ebitda": "-4931000",
        "netIncome": "-7626000"
      },
      {
        "fiscalDateEnding": "2020-09-30",
        "reportedCurrency": "USD",
        "grossProfit": "-36000",
        "totalRevenue": "1125000",
        "costOfRevenue": "1161000",
        "costofGoodsAndServicesSold": "1161000",
        "operatingIncome": "-3092000",
        "sellingGeneralAndAdministrative": "2198000",
        "researchAndDevelopment": "727000",
        "operatingExpenses": "3056000",
        "investmentIncomeNet": "None",
        "netInterestIncome": "-867000",
        "interestIncome": "None",
        "interestExpense": "867000",
        "nonInterestIncome": "None",
        "otherNonOperatingIncome": "None",
        "depreciation": "None",
        "depreciationAndAmortization": "66000",
        "incomeBeforeTax": "-3959000",
        "incomeTaxExpense": "None",
        "interestAndDebtExpense": "None",
        "netIncomeFromContinuingOperations": "-3959000",
        "comprehensiveIncomeNetOfTax": "None",
        "ebit": "-3092000",
        "ebitda": "-3026000",
        "netIncome": "-3959000"
      },
      {
        "fiscalDateEnding": "2020-06-30",
        "reportedCurrency": "USD",
        "grossProfit": "207000",
        "totalRevenue": "397000",
        "costOfRevenue": "190000",
        "costofGoodsAndServicesSold": "190000",
        "operatingIncome": "-2696000",
        "sellingGeneralAndAdministrative": "1120000",
        "researchAndDevelopment": "1613000",
        "operatingExpenses": "2903000",
        "investmentIncomeNet": "None",
        "netInterestIncome": "None",
        "interestIncome": "None",
        "interestExpense": "None",
        "nonInterestIncome": "None",
        "otherNonOperatingIncome": "None",
        "depreciation": "None",
        "depreciationAndAmortization": "74000",
        "incomeBeforeTax": "-3845000",
        "incomeTaxExpense": "None",
        "interestAndDebtExpense": "None",
        "netIncomeFromContinuingOperations": "None",
        "comprehensiveIncomeNetOfTax": "None",
        "ebit": "-2696000",
        "ebitda": "-2622000",
        "netIncome": "-3845000"
      },
      {
        "fiscalDateEnding": "2020-03-31",
        "reportedCurrency": "USD",
        "grossProfit": "-112000",
        "totalRevenue": "176000",
        "costOfRevenue": "288000",
        "costofGoodsAndServicesSold": "288000",
        "operatingIncome": "-1071000",
        "sellingGeneralAndAdministrative": "804000",
        "researchAndDevelopment": "100000",
        "operatingExpenses": "959000",
        "investmentIncomeNet": "None",
        "netInterestIncome": "None",
        "interestIncome": "None",
        "interestExpense": "None",
        "nonInterestIncome": "None",
        "otherNonOperatingIncome": "None",
        "depreciation": "None",
        "depreciationAndAmortization": "59750",
        "incomeBeforeTax": "-1237000",
        "incomeTaxExpense": "None",
        "interestAndDebtExpense": "None",
        "netIncomeFromContinuingOperations": "None",
        "comprehensiveIncomeNetOfTax": "None",
        "ebit": "-1071000",
        "ebitda": "-1011250",
        "netIncome": "-1237000"
      },
      {
        "fiscalDateEnding": "2001-09-30",
        "reportedCurrency": "None",
        "grossProfit": "-3703000",
        "totalRevenue": "11008000",
        "costOfRevenue": "14711000",
        "costofGoodsAndServicesSold": "14711000",
        "operatingIncome": "-31157000",
        "sellingGeneralAndAdministrative": "9470000",
        "researchAndDevelopment": "8573000",
        "operatingExpenses": "20388000",
        "investmentIncomeNet": "None",
        "netInterestIncome": "None",
        "interestIncome": "None",
        "interestExpense": "None",
        "nonInterestIncome": "None",
        "otherNonOperatingIncome": "None",
        "depreciation": "None",
        "depreciationAndAmortization": "None",
        "incomeBeforeTax": "-23255000",
        "incomeTaxExpense": "3000",
        "interestAndDebtExpense": "None",
        "netIncomeFromContinuingOperations": "None",
        "comprehensiveIncomeNetOfTax": "None",
        "ebit": "None",
        "ebitda": "-31157000",
        "netIncome": "-23255000"
      }
    ]
  }
}